% eprint/preprint blockchain bibliography

% \usepackage{url}
% Add this to your main .tex file
% so that URLs with special chars
% are handled correclty in misc 
% entries using work arounds like
%  howhpublished= 
%  note=`


% < 2008

@misc{dai1998bmoney,
  title         = {bmoney},
  author        = {Dai, Wei},
  year          = {1998},
  howpublished  = {\url{http://www.weidai.com/bmoney.txt}},
  note 			= {Accessed: 2016-04-31},
  url			= {http://www.weidai.com/bmoney.txt}
}

@misc{back2002hashcash,
  title         = {Hashcash-a denial of service counter-measure},
  author        = {Back, Adam and others},
  year          = {2002},
  howpublished  = {\url{http://www.hashcash.org/papers/hashcash.pdf}},
  note 			= {Accessed: 2016-03-09},
  url			= {http://www.hashcash.org/papers/hashcash.pdf}
}

% url			= {http://archive.is/i0OYc}
@misc{szabo2003advances,
  title         = {Advances in Distributed Security},
  author        = {Szabo, Nick},
  year          = {2003},
  howpublished  = {\url{http://szabo.best.vwh.net/distributed.html}},
  note 			= {Accessed: 2016-04-31},
}

@misc{finney2004rpow,
  title         = {Reusable Proofs of Work (RPOW)},
  author        = {Finney, Hal},
  year          = {2004},
  howpublished  = {\url{http://web.archive.org/web/20071222072154/http://rpow.net/}},
  note 			= {Accessed: 2016-04-31},
  url			= {http://web.archive.org/web/20071222072154/http://rpow.net/}
}

@misc{szabo2005bitgold,
  title         = {Bit gold},
  author        = {Szabo, Nick},
  year          = {2005},
  howpublished  = {\url{http://unenumerated.blogspot.co.at/2005/12/bit-gold.html}},
  note 			= {Accessed: 2016-04-31},
  url			= {http://unenumerated.blogspot.co.at/2005/12/bit-gold.html}
}


% 2008

@misc{nakamoto2008bitcoin,
  author        = {Nakamoto, Satoshi},
  title         = {Bitcoin: A Peer-to-Peer Electronic Cash System},
  year          = {2008},
  month	        = {Dec},
  howpublished  = {\url{https://bitcoin.org/bitcoin.pdf}},
  note          = {Accessed: 2015-07-01},
}

% 2009

@misc{percival2009scrypt,
  title			= {Stronger key derivation via sequential memory-hard functions},
  author		= {Percival, Colin},
  year			= {2009},
  howpublished  = {\url{http://www.bsdcan.org/2009/schedule/attachments/87_scrypt.pdf}},
  note			= {Accessed: 2016-03-09},
  url 			= {http://www.bsdcan.org/2009/schedule/attachments/87_scrypt.pdf}
}

@phdthesis{golze2009fairness,
  title			= {Fairness in \"{U}berlastsituationen mittels Proof-of-Work-Funktionen.},
  author		= {Golze, Sebastian},
  year			= {2009},
  school		= {Berlin Institute of Technology},
  howpublished	= {\url{https://depositonce.tu-berlin.de/bitstream/11303/2499/2/Dokument_41.pdf}},
  note			= {Accessed: 2016-03-09},
  url 			= {https://depositonce.tu-berlin.de/bitstream/11303/2499/2/Dokument_41.pdf}
}

% 2010
% 2011

@misc{schwarz2011zooko,
  author        = {Aaron Schwarz},
  title         = {{Squaring the Triangle: Secure, Decentralized, Human-Readable Names}},
  year          = {2011},
  month         = {Jan},
  howpublished  = {\url{http://www.aaronsw.com/weblog/squarezooko}},
  note          = {Accessed 2014-11-14},
  
}

@misc{laurie2011decentralised,
  title         = {Decentralised currencies are probably impossible (but let's at least make them efficient)},
  author        = {Laurie, Ben},
  year          = {2011},
  howpublished  = {\url{http://w.fipr.org/files/decentralised-currencies.pdf}},
  note          = {Accessed 2016-09-02},
  
}

@article{rosenfeld2011analysis,
  title         = {Analysis of Bitcoin pooled mining reward systems},
  author        = {Rosenfeld, Meni},
  journal       = {arXiv preprint arXiv:1112.4980},
  year          = {2011},
  note          = {Accessed 2017-11-24},
  
}

% 2012

@misc{rosenfeld2012overview,
  title			= {Overview of colored coins},
  author		= {Rosenfeld, Meni},
  journal		= {White paper, bitcoil. co. il},
  year			= {2012},
  howpublished	= {\url{https://bitcoil.co.il/BitcoinX.pdf}},
  note			= {Accessed: 2016-03-09},
  url			= {https://bitcoil.co.il/BitcoinX.pdf}
}

@misc{ron2012quantitative,
  author 		= {D. Ron and A. Shamir},
  title 		= {Quantitative Analysis of the Full Bitcoin Transaction Graph},
  publisher 	= {Cryptology ePrint Archive, Report 2012/584},
  year 			= {2012},
  howpublished 	= {\url{https://eprint.iacr.org/2012/584.pdf}},
  note			= {Accessed: 2016-03-09},
  url			= {https://eprint.iacr.org/2012/584.pdf}
}

@misc{taylor2012bitmessage,
  author        = {M. B. Taylor},
  title         = {Bitmessage: A Peer-to-Peer Message Authentication and Delivery System},
  year          = {2012},
  month         = {nov},
  howpublished  = {\url{https://bitmessage.org/bitmessage.pdf}},
  note          = {Accessed: 2015-05-06},
  
}

@MastersThesis{herrmann2012implementation,
  title={Implementation, evaluation and detection of a doublespend-attack on Bitcoin},
  author={Herrmann, Matthias},
  year={2012},
  month={Apr},
  school={Master Thesis ETH Z{\"u}rich, 2012},
  
}

% 2013

@misc{bahack2013theoretical,
  title         = {Theoretical Bitcoin Attacks with less than Half of the Computational Power},
  author        = {Bahack, Lear},
  year          = {2013},
  note          = {Accessed: 2017-11-23},
  
}

@misc{sompolinsky2013accelerating,
  author 		= {Sompolinsky, Yonatan and Zohar, Aviv},
  title 		= {Accelerating Bitcoin's Transaction Processing. Fast Money Grows on Trees, Not Chains},
  journal 		= {IACR Cryptology ePrint Archive},
  year 			= {2013},
  pages 		= {881},
  url 			= {http://eprint.iacr.org/2013/881.pdf}
}

@misc{sun2014solving,
  title         = {Solving Byzantine Problems in Synchronized Systems using Bitcoin},
  author        = {Sun, Felix and Duan, Peitong},
  year          = {2014},
  howpublished  = {\url{http://web.mit.edu/felixsun/www/projects/bitcoin.pdf}},
  note          = {Accessed: 2016-09-02},
  
}

@misc{courtois2013unreasonable,
  title={The unreasonable fundamental incertitudes behind bitcoin mining},
  author={Courtois, Nicolas T and Grajek, Marek and Naik, Rahul},
  howpublished={arXiv preprint arXiv:1310.7935},
  year={2013},
  note          = {Accessed: 2017-07-04},
  
}

@phdthesis{naik2013optimising,
  title={Optimising the SHA256 Hashing Algorithm for Faster and More Efficient Bitcoin Mining},
  author={Naik, Rahul P and Courtois, Nicolas T},
  year={2013},
  month={Sep},
  school= {University College London},
  
}

% 2014

@misc{rosenfeld2014doublespending,
  author        = {M. Rosenfeld},
  title         = {Analysis of Hashrate-Based Double Spending},
  journal       = {CoRR},
  volume        = {abs/1402.2009},
  year          = {2014},
  howpublished  = {\url{http://arxiv.org/abs/1402.2009}},
  note			= {Accessed: 2016-03-09},
  url			= {http://arxiv.org/abs/1402.2009.pdf}
}

%fromknecht2014certcoin
@article{fromknecht2014decentralized,
  title			= {A Decentralized Public Key Infrastructure with Identity Retention.},
  author		= {Fromknecht, Conner and Velicanu, Dragos and Yakoubov, Sophia},
  journal		= {IACR Cryptology ePrint Archive},
  volume		= {2014},
  pages			= {803},
  year			= {2014},
  url			= {https://eprint.iacr.org/2014/803.pdf}
}

%bentov2014withoutpow
@misc{bentov2014cryptocurrencies,
  title			= {Cryptocurrencies without proof of work},
  author		= {Bentov, Iddo and Gabizon, Ariel and Mizrahi, Alex},
  journal		= {arXiv preprint arXiv:1406.5694},
  year			= {2014},
  howpublished	= {\url{http://arxiv.org/pdf/1406.5694.pdf}},
  note			= {Accessed: 2016-03-09},
  url 			= {http://arxiv.org/pdf/1406.5694.pdf}
}

@inproceedings{anderson1998replication,
  title={Replication, consistency, and practicality: are these mutually exclusive?},
  author={Anderson, Todd and Breitbart, Yuri and Korth, Henry F and Wool, Avishai},
  booktitle={Proceedings of the 1998 ACM SIGMOD international conference on Management of data},
  pages={484--495},
  year={1998}
}

%laviola2014anonymous
@misc{miller2014anonymous,
  title			= {Anonymous byzantine consensus from moderately-hard puzzles: A model for bitcoin},
  author		= {Miller, A and LaViola JJ},
  year			= {2014},
  howpublished	= {\url{https://socrates1024.s3.amazonaws.com/consensus.pdf}},
  note			= {Accessed: 2016-03-09},
  url 			= {https://socrates1024.s3.amazonaws.com/consensus.pdf}
}

@misc{bruce2014miniblock,
  author        = {J. D. Bruce},
  title         = {The Mini-Blockchain Scheme (a.k.a Purely P2P Crypto-Currency With Finite   Mini-Blockchain)},
  year          = {2014},
  month         = {Jul},
  howpublished  = {\url{http://cryptonite.info/files/mbc-scheme-rev2.pdf}},
  note          = {Accessed: 2014-04-05},
  
}

@misc{jacobs2014namecoin,
  author        = {F. Jacobs},
  title         = {Providing better confidentiality and authentication on the Internet using  Namecoin and MinimaLT},
  year          = {2014},
  month         = {apr},
  howpublished  = {\url{https://raw.githubusercontent.com/FredericJacobs/safeweb/master/paper.pdf}},
  note          = {Accessed: 2014-04-02},
  
}

@misc{filecoin2014filecoin,
  author        = {Filecoin community},
  title         = {Filecoin: A Cryptocurrency Operated File Storage Network},
  organization  = {filecoin.io},
  year          = {2014},
  month         = {Oct},
  howpublished  = {\url{http://filecoin.io/filecoin.pdf}},
  note          = {Accessed: 2014-10-14},
  
}

@misc{back2014enabling,
  title         = {Enabling blockchain innovations with pegged sidechains},
  author        = {Back, Adam and Corallo, Matt and Dashjr, Luke and Friedenbach, Mark and Maxwell, Gregory and Miller, Andrew and Poelstra, Andrew and Tim{\'o}n, Jorge and Wuille, Pieter},
  year          = {2014},
  howpublished  = {\url{http://newspaper23.com/ripped/2014/11/http-_____-___-_www___-blockstream___-com__-_sidechains.pdf}},
  note          = {Accessed: 2016-07-05},
  
}

@misc{beukema2014formalising,
  title         = {Formalising the Bitcoin protocol},
  author        = {Beukema, WJB},
  year          = {2014},
  howpublished  = {\url{http://referaat.cs.utwente.nl/conference/21/paper/7450/formalising-the-bitcoin-protocol.pdf}},
  note          = {Accessed: 2016-08-01},
  
}

@misc{schwartz2014ripple,
  title         = {The Ripple protocol consensus algorithm},
  author        = {Schwartz, David and Youngs, Noah and Britto, Arthur},
  journal       = {Ripple Labs Inc White Paper},
  year          = {2014},
  howpublished  = {\url{https://ripple.com/files/ripple_consensus_whitepaper.pdf}},
  note          = {Accessed: 2016-08-08},
  
}

@misc{slimcoin,
  title         = {Slimcoin: A Peer-to-Peer Crypto-Currency with Proof-of-Burn},
  author        = {p4titan},
  year          = {2014},
  howpublished  = {\url{http://www.doc.ic.ac.uk/~ids/realdotdot/crypto_papers_etc_worth_reading/proof_of_burn/slimcoin_whitepaper.pdf}},
  note          = {Accessed: 2018-05-08},
  
}


@misc{eos,
  title         = {EOS.IO Technical White Paper v2},
  author        = {EOSIO},
  year          = {2018},
  howpublished  = {\url{https://github.com/EOSIO/Documentation/blob/master/TechnicalWhitePaper.md}},
  note          = {Accessed: 2018-05-09},
  
}

@misc{orchid,
  title         = {Orchid: Enabling Decentralized Network Formation and
Probabilistic Micro-Payments},
  author        = {Orchid Lab},
  year          = {2018},
  howpublished  = {\url{https://www.orchid.com/whitepaper.pdf}},
  note          = {Accessed: 2018-05-28},
  
}
@inproceedings{albrecht2018dynamics,
  title={Dynamics of Blockchain Implementation-A Case Study from the Energy Sector},
  author={Albrecht, Simon and Reichert, Stefan and Schmid, Jan and Str{\"u}ker, Jens and Neumann, Dirk and Fridgen, Gilbert},
  booktitle={Proceedings of the 51st Hawaii International Conference on System Sciences},
  year={2018}
}
@misc{buterin2014ethereum,
  title         = {Ethereum: A next-generation smart contract and decentralized application platform},
  author        = {Buterin, Vitalik},
  year          = {2014},
  howpublished  = {\url{https://github.com/ethereum/wiki/wiki/White-Paper}},
  note          = {Accessed: 2016-08-22},
  
}


@misc{wood2014ethereum,
  title         = {Ethereum: A secure decentralised generalised transaction ledger EIP-150 REVISION (759dccd - 2017-08-07)},
  author        = {Wood, Gavin},
  journal       = {Ethereum Project Yellow Paper},
  year          = {2017},
  note          = {Accessed: 2018-01-03},
  
}

@misc{shomer2014phase,
  title		= {On the Phase Space of Block-Hiding Strategies in Bitcoin-like networks},
  author	= {Shomer, Assaf},
  journal	= {arXiv preprint arXiv:1402.4233},
  year		= {2014},
  month		= {Feb},
  howpublished  = {\url{https://arxiv.org/pdf/1402.4233v1.pdf}},
  note		= {Accessed: 2016-10-17},
  url		= {https://arxiv.org/pdf/1402.4233v1.pdf}

}

@misc{katz2014pseudonymous,
    author = {Jonathan Katz and Andrew Miller and Elaine Shi},
    title = {Pseudonymous Broadcast and Secure Computation from Cryptographic Puzzles},
    howpublished = {Cryptology ePrint Archive, Report 2014/857},
    year = {2014},
    note = {\url{http://eprint.iacr.org/2014/857}},
    
}

@misc{courtois2014subversive,
  title={On subversive miner strategies and block withholding attack in bitcoin digital currency},
  author={Courtois, Nicolas T and Bahack, Lear},
  howpublished={arXiv preprint arXiv:1402.1718},
  year={2014},
  note		= {Accessed: 2016-07-04},
  
}

@misc{courtois2014longest,
  title={On the longest chain rule and programmed self-destruction of crypto currencies},
  author={Courtois, Nicolas T},
  howpublished={arXiv preprint arXiv:1405.0534},
  year={2014},
  note		= {Accessed: 2016-07-04},
  
}

@article{o2014bitcoin,
  title={Bitcoin mining and its energy footprint},
  author={O'Dwyer, Karl J and Malone, David},
  year={2014},
  publisher={IET},
  
}


% 2015

@misc{miller2015topology,
  title         = {Discovering bitcoin's public topology and influential nodes},
  author        = {Miller, Andrew and Litton, James and Pachulski, Andrew and Gupta, Neal and Levin, Dave and Spring, Neil and Bhattacharjee, Bobby},
  year          = {2015},
  month         = {May},
  howpublished  = {\url{http://cs.umd.edu/projects/coinscope/coinscope.pdf}},
  note			= {Accsessed: 2016-03-09},
  url 			= {http://cs.umd.edu/projects/coinscope/coinscope.pdf}
}

@misc{bonneau2015random,
  title         = {On Bitcoin as a public randomness source},
  author        = {Bonneau, Joseph and Clark, Jeremy and Goldfeder, Steven},
  year			= {2015},
  howpublished  = {\url{https://eprint.iacr.org/2015/1015.pdf}},
  note          = {Accessed: 2015-10-25},
  url 		  	= {https://eprint.iacr.org/2015/1015.pdf}
}

@misc{goldfeder2015threshold,
  author      	= {Steven Goldfeder and Rosario Gennaro and Harry Kalodner and Joseph Bonneau and Joshua Kroll and Edward W. Felten and Arvind Narayanan},
  title       	= {{Securing Bitcoin wallets via a new DSA/ECDSA threshold signature scheme}},
  year        	= {2015},
  howpublished	= {\url{http://www.cs.princeton.edu/~stevenag/threshold_sigs.pdf}},
  note        	= {Accessed: 2015-07-13},
  url 		  	= {http://www.cs.princeton.edu/~stevenag/threshold_sigs.pdf}
}

@misc{gobel2015simulation,
  title		  	= {Bitcoin Blockchain Dynamics: the Selfish-Mine Strategy in the Presence of Propagation Delay},
  author	  	= {G{\"o}bel, Johannes and Keeler, Paul and Krzesinski, Anthony E and Taylor, Peter G},
  journal	  	= {arXiv preprint arXiv:1505.05343},
  year		  	= {2015},
  howpublished	= {\url{http://arxiv.org/pdf/1505.05343.pdf}},
  note			= {Accessed: 2015-03-01},
  url 			= {http://arxiv.org/pdf/1505.05343.pdf}
}

@misc{chaudhary2015modeling,
  title         = {Modeling and verification of the bitcoin protocol},
  author        = {Chaudhary, Kaylash and Fehnker, Ansgar and van de Pol, Jaco and Stoelinga, Marielle},
  journal       = {arXiv preprint arXiv:1511.04173},
  year          = {2015},
  howpublished	= {\url{http://arxiv.org/pdf/1511.04173.pdf}},
  note			= {Accessed: 2016-08-01},
  url 			= {http://arxiv.org/pdf/1511.04173.pdf}
}

@misc{mazieres2015modeling,
  title         = {The Stellar Consensus Protocol: A Federated Model for Internet-level Consensus},
  author        = {Mazieres, David},
  year          = {2015},
  howpublished	= {\url{https://www.stellar.org/papers/stellar-consensus-protocol.pdf}},
  note			= {Accessed: 2016-08-01},
  url 			= {https://www.stellar.org/papers/stellar-consensus-protocol.pdf}
}

@misc{luu2015scp,
  title         = {SCP: a computationally-scalable Byzantine consensus protocol for blockchains},
  author        = {Luu, Loi and Narayanan, Viswesh and Baweja, Kunal and Zheng, Chaodong and Gilbert, Seth and Saxena, Prateek},
  year          = {2015},
  howpublished  = {\url{https://www.weusecoins.com/assets/pdf/library/SCP -  A Computationally-Scalable Byzantine.pdf}},  
  note          = {Accessed: 2016-08-10},
  
}

@misc{delmolino2015step,
  title         = {Step by Step Towards Creating a Safe Smart Contract: Lessons and Insights from a Cryptocurrency Lab.},
  author        = {Delmolino, Kevin and Arnett, Mitchell and Kosba, Ahmed E and Miller, Andrew and Shi, Elaine},
  journal       = {IACR Cryptology ePrint Archive},
  year          = {2015},
  howpublished  = {\url{http://eprint.iacr.org/2015/460.pdf}},  
  note          = {Accessed: 2016-08-10},
  
}

@misc{sapirshtein2015optimal,
  title         = {Optimal selfish mining strategies in Bitcoin},
  author        = {Sapirshtein, Ayelet and Sompolinsky, Yonatan and Zohar, Aviv},
  journal       = {arXiv preprint arXiv:1507.06183},
  year          = {2015},
  howpublished  = {\url{http://arxiv.org/pdf/1507.06183.pdf}},
  note          = {Accessed: 2016-08-22},
  url 			= {http://arxiv.org/pdf/1507.06183.pdf}
}

@misc{kiayias2015speed,
  title		={Speed-Security Tradeoff s in Blockchain Protocols},
  author	={Kiayias, Aggelos and Panagiotakos, Giorgos},
  year		={2015},
  month		={Oct},
  howpublished  = {\url{https://eprint.iacr.org/2015/1019.pdf}},
  note          = {Accessed: 2016-10-17},
  
}

@misc{andrychowicz2015multiparty,
  title={Multiparty Computation Protocols Based on Cryptocurrencies},
  author={Andrychowicz, Marcin},
  year={2015},
  howpublished={\url{https://depotuw.ceon.pl/bitstream/handle/item/1327/dis.pdf}},
  note = {Accessed: 2017-02-15},
  
}

@misc{mazieres2015stellar,
  title={The stellar consensus protocol: A federated model for internet-level consensus},
  author={Mazieres, David},
  year={2015},
  howpublished={\url{http://citeseerx.ist.psu.edu/viewdoc/download?doi=10.1.1.696.93&amp=&rep=rep1&amp=&type=pdf}},
  note = {Accessed: 2017-02-20},
  

}

@misc{park2015spacemint,
    author = {Sunoo Park and Krzysztof Pietrzak and Albert Kwon and Jo{\"e}l Alwen and Georg Fuchsbauer and Peter Ga{\v z}i},
    title = {SpaceMint: A Cryptocurrency Based on Proofs of Space},
    howpublished = {Cryptology ePrint Archive, Report 2015/528},
    year = {2015},
    note = {Accessed: 2017-06-29},
    
}

@misc{zyskind2015enigma,
  title={Enigma: Decentralized computation platform with guaranteed privacy},
  author={Zyskind, Guy and Nathan, Oz and Pentland, Alex},
  howpublished={arXiv preprint arXiv:1506.03471},
  year={2015},
    note = {Accessed: 2017-08-22},
  
}

@misc{swanson2015consensus,
  title={Consensus-as-a-service: a brief report on the emergence of permissioned, distributed ledger systems},
  author={Swanson, Tim},
  howpublished = {\url{http://www.ofnumbers.com/wp-content/uploads/2015/04/Permissioned-distributed-ledgers.pdf}},
  year={2015},
  month={Apr},
  note = {Accessed: 2017-10-03},
  
}

% 2016

@misc{ali2016blockstack,
  title			= {Blockstack: Design and Implementation of a Global Naming System with Blockchains},
  author		= {Ali, Muneeb and Nelson, Jude and Shea, Ryan and Freedman, Michael J},
  year			= {2016},
  note			= {Accessed: 2016-03-29},
  url 			= {http://www.the-blockchain.com/docs/Blockstack Design and Implementation of a Global Naming System.pdf}
}

@misc{narayanan2016bitcoin,
  title         = {Bitcoin and Cryptocurrency Technologies},
  author        = {{Narayanan, Arvind and Bonneau, Joseph and Felten, Edward and Miller, Andrew and Goldfeder, Steven}},
  year={2016},
  booktitle     = {Bitcoin and Cryptocurrency Technologies},
  howpublished  = {\url{https://d28rh4a8wq0iu5.cloudfront.net/bitcointech/readings/princeton_bitcoin_book.pdf?a=1}},
  note          = {Accessed: 2016-03-29},
  url 			= {https://d28rh4a8wq0iu5.cloudfront.net/bitcointech/readings/princeton_bitcoin_book.pdf?a=1}
}

@misc{judmayer2016c4,
  author        = {Judmayer, Aljosha and Edgar Weippl},
  title         = {Cryptographic Currencies Crash Course (C4)},
  journal		= {Tutorial at WWW2016},
  year          = {2016},
  month         = {Apr},
  howpublished  = {\url{http://www2016.net/proceedings/companion/p1021.pdf}},
  note          = {Accessed: 2016-06-06},
  
}

@misc{bentov2016bitcoin,
  title         = {Bitcoin Beacon},
  author        = {Bentov, Iddo and Gabizon, Ariel and Zuckerman, David},
  journal		= {arXiv prepring arXiv:1605.04559},
  year			= {2016},
  howpublished  = { https://arxiv.org/pdf/1605.04559v2},
  note          = {Accessed: 2016-06-06},
  url 			= {https://arxiv.org/pdf/1605.04559v2.pdf}
}

@misc{sompolinsky2016bitcoin,
  title         = {Bitcoin's Security Model Revisited},
  author        = {Sompolinsky, Yonatan and Zohar, Aviv},
  journal       = {arXiv preprint arXiv:1605.09193},
  year          = {2016},
  howpublished  = {\url{http://arxiv.org/pdf/1605.09193}},
  note          = {Accessed: 2016-07-04},
  url 			= {http://arxiv.org/pdf/1605.09193.pdf}
}

@misc{anderson2016new,
  title         = {New kids on the block: an analysis of modern blockchains},
  author        = {Anderson, Luke and Holz, Ralph and Ponomarev, Alexander and Rimba, Paul and Weber, Ingo},
  journal       = {arXiv preprint arXiv:1606.06530},
  year          = {2016},
  howpublished  = {\url{http://arxiv.org/pdf/1606.06530.pdf}},
  note          = {Accessed: 2016-07-04},
  url 			= {http://arxiv.org/pdf/1606.06530.pdf}
}

@misc{poon2016bitcoin,
  title         = {The bitcoin lightning network},
  author        = {Poon, Joseph and Dryja, Thaddeus},
  year          = {2016},  
  howpublished  = {\url{https://lightning.network/lightning-network-paper.pdf}},
  note          = {Accessed: 2016-07-07},
  url 			= {https://lightning.network/lightning-network-paper.pdf}
}

@misc{pass2016analysis,
  title         = {Analysis of the Blockchain Protocol in Asynchronous Networks},
  author        = {Pass, Rafael and Seeman, Lior and shelat, abhi},
  year          = {2016},
  howpublished  = {\url{http://eprint.iacr.org/2016/454.pdf}},
  note          = {Accessed: 2016-08-01},
  
}


@misc{bycoin:stuck,
  title         = {ByzCoin: Securely Scaling Blockchains},
  author        = {Philipp Jovanovic},
  year          = {2016},
  howpublished  = {\url{http://hackingdistributed.com/2016/08/04/byzcoin/}},
  note          = {Accessed: 2019-08-01},
  
}


@misc{pass2016hybrid,
  title		= {Hybrid Consensus: Scalable Permissionless Consensus},
  author	= {Pass, Rafael and Shi, Elaine},
  year		= {2016},
  month		= {Sep},
  howpublished 	= {\url{https://eprint.iacr.org/2016/917.pdf}},
  note		= {Accessed: 2016-10-17},
  url 		= {https://eprint.iacr.org/2016/917.pdf}
}
  

@misc{nelson2016extending,
  title         = {Extending Existing Blockchains with Virtualchain},
  author        = {Nelson, Jude and Ali, Muneeb and Shea, Ryan and Freedman, Michael J},
  year          = {2016},
  howpublished  = {\url{https://www.zurich.ibm.com/dccl/papers/nelson_dccl.pdf}},
  note          = {Accessed: 2016-08-01},
  
}

@misc{cachin2016architecture,
  title         = {Architecture of the Hyperledger Blockchain Fabric},
  author        = {Cachin, Christian},
  year          = {2016},
  howpublished  = {\url{https://www.zurich.ibm.com/dccl/papers/cachin_dccl.pdf}},  
  note          = {Accessed: 2016-08-10},
  
}

@misc{vukolic2016eventually,
  title         = {Eventually Returning to Strong Consistency},
  author        = {Vukolic, Marko},
  year          = {2016},
  howpublished  = {\url{https://pdfs.semanticscholar.org/a6a1/b70305b27c556aac779fb65429db9c2e1ef2.pdf}},  
  note          = {Accessed: 2016-08-10},
  
}

@misc{gervais2016security,
  title         = {On the Security and Performance of Proof of Work Blockchains},
  author        = {Gervais, Arthur and Karame, Ghassan O and W{\"u}st, Karl and Glykantzis, Vasileios and Ritzdorf, Hubert and Capkun, Srdjan},
  year          = {2016},
  howpublished  = {\url{https://eprint.iacr.org/2016/555.pdf}},  
  note          = {Accessed: 2016-08-10},
  
}

@misc{gramoli2016danger,
  title         = {On the Danger of Private Blockchains},
  author        = {Gramoli, Vincent},
  year          = {2016},
  howpublished  = {\url{https://www.zurich.ibm.com/dccl/papers/gramoli_dccl.pdf}},  
  note          = {Accessed: 2016-08-10},
  
}

@misc{bhargavan2016short,
  title={Short Paper: Formal Verification of Smart Contracts},
  author={Bhargavan, Karthikeyan and Delignat-Lavaud, Antoine and Fournet, C{\'e}dric and Gollamudi, Anitha and Gonthier, Georges and Kobeissi, Nadim and Rastogi, Aseem and Sibut-Pinote, Thomas and Swamy, Nikhil and Zanella-B{\'e}guelin, Santiago},
  year={2016},
  month={Aug},
  howpublished  = {\url{https://research.microsoft.com/en-us/um/people/nswamy/papers/solidether.pdf}},  
  note          = {Accessed: 2016-08-10},
  
}

@misc{pettersson2016safer,
  title={Safer smart contracts through type-driven development},
  author={Pettersson, Jack and Edstr{\"o}m, Robert},
  school={Chalmers University of Technology and University of Gothenburg},
  year={2016},
  address = {Gothenburg, Sweden},
  howpublished  = {\url{https://publications.lib.chalmers.se/records/fulltext/234939/234939.pdf}},  
  note          = {Accessed: 2016-08-10},
  
}

@misc{blocki2016designing,
  title		={Designing Proof of Human-work Puzzles for Cryptocurrency and Beyond},
  author	={Blocki, Jeremiah and Zhou, Hong-Sheng},
  publisher = {Cryptology ePrint Archive, Report 2016/145},
  year		={2016},
  month		={Aug},
  howpublished  = {\url{https://eprint.iacr.org/2016/145.pdf}}, 
  note          = {Accessed: 2016-10-17},
  url		={https://eprint.iacr.org/2016/145.pdf}
}

@misc{cachin2016non,
  title={Non-determinism in Byzantine Fault-Tolerant Replication},
  author={Cachin, Christian and Schubert, Simon and Vukolic, Marko},
  year={2016},
  month={Mar},
  howpublished={\url{http://www.zurich.ibm.com/~cca/papers/sieve.pdf}},
  note={Accessed: 2016-11-08},
  
}

%tailored for permissioned blockchain environment
@misc{abraham2016bvp,
  title={BVP: Byzantine Vertical Paxos},
  author={Abraham, Ittai and Malkhi, Dahlia},
  year={2016},
  month={May},
  howpublished={\url{https://www.zurich.ibm.com/dccl/papers/abraham_dccl.pdf}},
  note={Accessed: 2016-11-08},
  
}

@misc{wust2016security,
  title={Security of Blockchain Technologies},
  author={W{\"u}st, Karl},
  publisher={Master's Thesis - Department of Computer Science, ETH Z{\"u}rich},
  year={2016},
  month={Jul},
  howpublished={\url{http://e-collection.library.ethz.ch/eserv/eth:49632/eth-49632-01.pdf}},
  note={Accessed: 2016-11-08},
  
}

@phdthesis{miller2016provable,
  title={Provable Security for Cryptocurrencies},
  author={Miller, Andrew},
  year={2016},
  school={University of Maryland, College Park},
  howpublished={\url{http://www.cs.umd.edu/~jkatz/THESES/amiller-thesis.pdf}},
  note={Accessed: 2016-11-08},
  
}

@misc{pass2016fruitchains,
  title={Fruitchains: A fair blockchain},
  author={Pass, Rafael and Shi, Elaine},
  publisher = {Cryptology ePrint Archive, Report 2016/916},
  year={2016},
  howpublished={\url{http://eprint.iacr.org/2016/916.pdf}},
  note={Accessed: 2016-11-08},
  
}

@misc{bentov2016sleepy,
  title={The sleepy model of consensus},
  author={Bentov, Iddo and Pass, Rafael and Shi, Elaine},
  publisher = {Cryptology ePrint Archive, Report 2016/918},
  year={2016},
  howpublished={\url{https://eprint.iacr.org/2016/918.pdf}},
  note={Accessed: 2016-11-08},
  
}

@misc{bentov2016snow,
  title={Snow White: Provably Secure Proofs of Stake},
  author={Bentov, Iddo and Pass, Rafael and Shi, Elaine},
  publisher = {Cryptology ePrint Archive, Report 2016/919},
  year={2016},
  howpublished={ https://eprint.iacr.org/2016/919.pdf},
  note={Accessed: 2016-11-08},
  
}

@misc{garay2016bootstrapping,
    author = {Garay, Juan A.  and Kiayias, Aggelos and Leonardos, Nikos and Panagiotakos, Giorgos},
    title = {Bootstrapping the Blockchain --- Directly},
    publisher = {Cryptology ePrint Archive, Report 2016/991},
    year = {2016},
    month={Oct},
    howpublished = {\url{http://eprint.iacr.org/2016/991}},
    note={Accessed: 2016-11-08},
    
}

@misc{atzei2016survey,
    author = {Atzei, Nicola and Bartoletti, Massimo  and Cimoli, Tiziana},
    title = {A survey of attacks on Ethereum smart contracts},
    publisher = {Cryptology ePrint Archive, Report 2016/1007},
    year = {2016},
    month ={Oct},
    howpublished={\url{http://eprint.iacr.org/2016/1007}},
    note={Accessed: 2016-11-08},
    
}



@misc{kiayias2016provably,
  author    = {Kiayias, Aggelos and Konstantinou, Ioannis and Russell, Alexander  and David, Bernardo  and Oliynykov, Roman },
  title     = {A Provably Secure Proof-of-Stake Blockchain Protocol},
  publisher   = {Cryptology ePrint Archive, Report 2016/889},
  month = {Sep},
  year      = {2016},
  howpublished  = {\url{http://eprint.iacr.org/2016/889}},
  note = {Accessed: 2016-11-09},
  
}

% honey badger async. (randomized) bft protocol 
@misc{miller2016honey,
  title={The honey badger of BFT protocols},
  author={Miller, Andrew and Xia, Yu and Croman, Kyle and Shi, Elaine and Song, Dawn},
  publisher={Cryptology ePrint Archive: Report 2016/199},
  year={2016},
  howpublished={\url{https://eprint.iacr.org/2016/199.pdf}},
}

@misc{clack2016smart,
  author    = {Christopher D. Clack and Vikram A. Bakshi and Lee Braine},
  title     = {Smart Contract Templates: foundations, design landscape and research directions},
  journal   = {CoRR},
  volume    = {abs/1608.00771},
  year      = {2016},
  howpublished={\url{https://arxiv.org/pdf/1608.00771v2.pdf}},
   note={Accessed: 2017-01-10},
  
}

@misc{lajoie2016increasing,
  title={Increasing the robustness of the Bitcoincrypto-system in presence of undesirable behaviours},
  author={Lajoie-Mazenc, Thibaut},
  publisher={Master's Thesis sumbmitted at KTH CSC},
  year={2016},
  howpublished={\url{http://www.nada.kth.se/~ann/exjobb/thibaut_lajoie-mazenc.pdf}},
  note={Accessed: 2017-01-19},
  
}

@misc{baars2016towards,
  title={Towards Self-Sovereign Identity using Blockchain Technology},
  author={Baars, Djuri},
  year={2016},
  publisher={Master's Thesis at University of Twente},
  howpublished={\url{http://essay.utwente.nl/71274/1/Baars_MA_BMS.pdf}},
  note={Accessed: 2017-01-19},
  
}

@misc{abraham2016solidus,
  title={Solidus: An Incentive-compatible Cryptocurrency Based on Permissionless Byzantine Consensus},
  author={Abraham, Ittai and Malkhi, Dahlia and Nayak, Kartik and Ren, Ling and Spiegelman, Alexander},
  journal   = {CoRR},
  volume    = {abs/1612.02916},
  year={2016},
  month={Dec},
  howpublished={\url{https://arxiv.org/abs/1612.02916}},
  note={Accessed: 2017-02-06},
  
}

@misc{buchman2016tendermint,
  title={Tendermint: Byzantine Fault Tolerance in the Age of Blockchains},
  author={Buchman, Ethan},
  publisher={Master's Thesis at University of Guelph, Ontario},
  year={2016},
  month={Jun},
  note={Accessed: 2017-02-06},
  howpublished={\url{http://atrium.lib.uoguelph.ca/xmlui/bitstream/handle/10214/9769/Buchman_Ethan_201606_MAsc.pdf}},
}

@misc{duong2016hop,
    author = {Tuyet Duong and Lei Fan and Hong-Sheng Zhou},
    title = {2-hop Blockchain: Combining Proof-of-Work and Proof-of-Stake Securely},
    howpublished = {Cryptology ePrint Archive, Report 2016/716},
    year = {2016},
    note={Accessed: 2017-02-06},
    
}

@misc{garay2016bitcoin,
  title        = {The Bitcoin Backbone Protocol with Chains of Variable Difficulty},
  author       = {Juan A. Garay and Aggelos Kiayias and Nikos Leonardos},
  journal      = {{IACR} Cryptology ePrint Archive, Report 2016/1048},
  year         = {2016},
  note         = {Accessed: 2017-02-06},
  howpublished = {\url{http://eprint.iacr.org/2016/1048.pdf}},
  
}

@misc{kiayias2016trees,
  title        = {On Trees, Chains and Fast Transactions in the Blockchain.},
  author       = {Kiayias, Aggelos and Panagiotakos, Giorgos},
  journal      = {IACR Cryptology ePrint Archive, Report 2016/545},
  year         = {2016},
  note         = {Accessed: 2017-02-06},
  howpublished = {\url{http://eprint.iacr.org/2016/545.pdf}},
  
}

@misc{jarecki2016highly,
  title        = {Highly-Efficient and Composable Password-Protected Secret Sharing (Or: How to Protect Your Bitcoin Wallet Online)},
  author       = {Jarecki, Stanislaw and Kiayias, Aggelos and Krawczyk, Hugo and Xu, Jiayu},
  journal      = {IACR Cryptology ePrint Archive, Report 2016/144},
  year         = {2016},
  note         = {Accessed: 2017-02-06},
  howpublished = {\url{http://eprint.iacr.org/2016/144.pdf}},
  
}

@misc{gencer2016service,
  title			= {Service-Oriented Sharding with Aspen},
  author		= {Gencer, Adem Efe and van Renesse, Robbert and Sirer, Emin G{\"u}n},
  journal		= {arXiv preprint arXiv:1611.06816},
  year          = {2016},
  howpublished  = {\url{http://arxiv.org/pdf/1611.06816.pdf}},
  note          = {Accessed: 2017-02-06},
  
}

@misc{kiayias2016blockchain,
  author    = {Aggelos Kiayias and
               Elias Koutsoupias and
               Maria Kyropoulou and
               Yiannis Tselekounis},
  title     = {Blockchain Mining Games},
  journal   = {CoRR},
  volume    = {abs/1607.02420},
  year      = {2016},
  note      = {Accessed: 2017-02-07},
  howpublished       = {\url{http://arxiv.org/abs/1607.02420}},
  
}

@misc{micali2016algorand,
  author    = {Silvio Micali},
  title     = {ALGORAND: The Efficient and Democratic Ledger},
  journal   = {CoRR},
  volume    = {abs/1607.01341},
  year      = {2016},
  howpublished       = {http://arxiv.org/abs/1607.01341},
  note={Accessed: 2017-02-09},
  
}

@misc{miller2016zero,
  author    = {Andrew Miller and Iddo Bentov},
  title     = {Zero-Collateral Lotteries in Bitcoin and Ethereum},
  journal   = {CoRR},
  volume    = {abs/1612.05390},
  year      = {2016},
  howpublished       = {http://arxiv.org/abs/1612.05390},
  note={Accessed: 2017-02-13},
  
}

@misc{natoli2016balance,
  author    = {Christopher Natoli and Vincent Gramoli},
  title     = {The Balance Attack Against Proof-Of-Work Blockchains: The {R3} Testbed as an Example},
  journal   = {CoRR},
  volume    = {abs/1612.09426},
  year      = {2016},
}

@misc{jain2016verify,
   title={How to verify computation with a rational network},
  author={Jain, Sanjay and Saxena, Prateek and Stephan, Frank and Teutsch, Jason},
  journal={arXiv preprint arXiv:1606.05917},
  year={2016},
  howpublished       = {http://arxiv.org/abs/1606.05917},
   note={Accessed: 2017-02-15},
  
}

@misc{duong2016securing,
  title={Securing Bitcoin-like Backbone Protocols against a Malicious Majority of Computing Power},
  author={Duong, Tuyet and Fan, Lei and Veale, Thomas and Zhou, Hong-Sheng},
    year = {2016},
    howpublished = {\url{http://eprint.iacr.org/2016/716}},
    note={Accessed: 2017-02-15},
    
}

@misc{kiayias2016ouroboros,
  title={Ouroboros: A Provably Secure Proof-of-Stake Blockchain Protocol},
  author={Kiayias, Aggelos and Russell, Alexander and David, Bernardo and Oliynykov, Roman},
  year={2016},
  howpublished={\url{https://pdfs.semanticscholar.org/1c14/549f7ba7d6a000d79a7d12255eb11113e6fa.pdf}},
  note={Accessed: 2017-02-20},
  
}

@misc{sompolinsky2016spectre,
    author = {Yonatan Sompolinsky and Yoad Lewenberg and Aviv Zohar},
    title = {SPECTRE: A Fast and Scalable Cryptocurrency Protocol},
    howpublished = {Cryptology ePrint Archive, Report 2016/1159},
    year = {2016},
    note={Accessed: 2017-02-20},
    
}

@misc{camacho2016decor,
  title={DECOR+ LAMI: A Scalable Blockchain Protocol},
  author={Camacho, Philippe and Lerner, Sergio Demian},
  year={2016},
 note={Accessed: 2017-02-20},
  howpublished={https://scalingbitcoin.org/papers/DECOR-LAMI.pdf},
  
  
}

@misc{boyen2016blockchain,
    author = {Xavier Boyen and Christopher Carr and Thomas Haines},
    title = {Blockchain-Free Cryptocurrencies. A Rational Framework for Truly Decentralised Fast Transactions},
    howpublished = {Cryptology ePrint Archive, Report 2016/871},
    year = {2016},
     note={Accessed: 2017-02-20},
    
}

@misc{mccorry2016removing,
  title={Removing Trusted Tallying Authorities},
  author={McCorry, Patrick and Toreini, Ehsan and Mehrnezhad, Maryam},
  year={2016},
  publisher={Newcastle University},
   note={Accessed: 2017-02-20},
  howpublished={\url{https://internal.ncl.ac.uk/computing/annex/research/techreports/pdfs/1502.pdf}},
  
  
}

@misc{reyzin2016improving,
    author = {Leonid Reyzin and Dmitry Meshkov and Alexander Chepurnoy and Sasha Ivanov},
    title = {Improving Authenticated Dynamic Dictionaries, with Applications to Cryptocurrencies},
    howpublished = {Cryptology ePrint Archive, Report 2016/994},
    year = {2016},
    note={Accessed: 2017-02-27},
    
}

@misc{seijas2016scripting,
    author = {Pablo Lamela Seijas and Simon Thompson and Darryl McAdams},
    title = {Scripting smart contracts for distributed ledger technology},
    journal = {Cryptology ePrint Archive, Report 2016/1156},
    year = {2016},
    howpublished = {\url{http://eprint.iacr.org/2016/1156}},
    note={Accessed: 2017-03-03},
    
}

@misc{bartoletti2016constant,
    author = {Massimo Bartoletti and Roberto Zunino},
    title = {Constant-deposit multiparty lotteries on Bitcoin},
    howpublished = {Cryptology ePrint Archive, Report 2016/955},
    year = {2016},
    note={Accessed: 2017-03-09},
    
}

@misc{lind2016teechan,
  author    = {Joshua Lind and
               Ittay Eyal and
               Peter R. Pietzuch and
               Emin G{\"{u}}n Sirer},
  title     = {Teechan: Payment Channels Using Trusted Execution Environments},
  journal   = {CoRR},
  volume    = {abs/1612.07766},
  year      = {2016},
  note={Accessed: 2017-03-09},
  howpublished={\url{https://arxiv.org/abs/1612.07766}},
  
}

@misc{norta2016designing,
  title	={Designing a Smart-Contract Application Layer for Transacting Decentralized Autonomous Organizations},
  author ={Norta, Alex},
  year ={2016},
  note={Accessed: 2017-03-16},
  howpublished={\url{https://www.researchgate.net/profile/Alex_Norta/publication/308986556_Designing_a_Smart-Contract_Application_Layer_for_Transacting_Decentralized_Autonomous_Organizations/links/57fcddf608aeb857afa0943d/Designing-a-Smart-Contract-Application-Layer-for-Transacting-Decentralized-Autonomous-Organizations.pdf}},
  
}

@misc{ateniese2016redactable,
  title={Redactable Blockchain--or--Rewriting History in Bitcoin and Friends},
  author={Ateniese, Giuseppe and Magri, Bernardo and Venturi, Daniele and Andrade, Ewerton},
  year={2016},
  institution={IACR Cryptology ePrint Archive},
  howpublished={\url{http://eprint.iacr.org/2016/757.pdf}},
  note={Accessed: 2017-03-23},
  
}

@misc{apostolaki2016,
  author    = {Maria Apostolaki and
               Aviv Zohar and
               Laurent Vanbever},
  title     = {Hijacking Bitcoin: Large-scale Network Attacks on Cryptocurrencies},
  journal   = {CoRR},
  volume    = {abs/1605.07524},
  year      = {2016},
  howpublished={\url{https://arxiv.org/pdf/1605.07524.pdf}},
  note={Accessed: 2017-03-28},
  
}

@inproceedings{apostolaki2017hijacking,
  title={Hijacking bitcoin: Routing attacks on cryptocurrencies},
  author={Apostolaki, Maria and Zohar, Aviv and Vanbever, Laurent},
  booktitle={2017 IEEE Symposium on Security and Privacy (SP)},
  pages={375--392},
  year={2017},
  organization={IEEE}
}

@misc{ozisik2016secure,
  title={A Secure, Efficient, and Transparent Network Architecture for Bitcoin},
  author={Ozisik, A Pinar and Andresen, Gavin and Bissias, George and Houmansadr, Amir and Levine, Brian N},
  year={2016},
  institution={UMass Amherst, Tech. Rep. UM-CS-2016-006, 2016},
  note={Accessed: 2017-04-24},
  
}

@misc{reijers2016governance,
  title={Governance in Blockchain Technologies \& Social Contract Theories},
  author={Reijers, Wessel and O'Brolch{\'a}in, Fiachra and Haynes, Paul},
  journal={Ledger},
  volume={1},
  pages={134--151},
  year={2016},
  howpublished  = {\url{http://ledger.pitt.edu/ojs/index.php/ledger/article/view/62}},
  note={Accessed: 2017-05-09},
  
}

@misc{noyes2016bitav,
  title={BitAV: Fast Anti-Malware by Distributed Blockchain Consensus and Feedforward Scanning},
  author={Noyes, Charles},
  journal={arXiv preprint arXiv:1601.01405},
  year={2016},
  howpublished  = {\url{https://arxiv.org/abs/1601.01405}},
  note={Accessed: 2017-05-09},
  
}

@misc{vitalik2016chain,
  title ={Chain Interoperability},
  author ={Vitalik Buterin},
  year ={2016},
  note={Accessed: 2017-03-25},
  howpublished={\url{https://static1.squarespace.com/static/55f73743e4b051cfcc0b02cf/t/5886800ecd0f68de303349b1/1485209617040/Chain+Interoperability.pdfi}},
  
}

@misc{malavolta2016silentwhispers,
    author = {Giulio Malavolta and Pedro Moreno-Sanchez and Aniket Kate and Matteo Maffei},
    title = {SilentWhispers: Enforcing Security and Privacy in Decentralized Credit Networks},
    howpublished = {Cryptology ePrint Archive, Report 2016/1054},
    year = {2016},
    note ={Accessed: 2017-06-29},
    
}

@misc{green2016bolt,
    author = {Matthew Green and Ian Miers},
    title = {Bolt: Anonymous Payment Channels for Decentralized Currencies},
    howpublished = {Cryptology ePrint Archive, Report 2016/701},
    year = {2016},
    note={Accessed: 2017-08-07},
    
}

@misc{siamak2016,
    Author = {Siamak Solat and Maria Potop-Butucaru},
    Title = {ZeroBlock: Timestamp-Free Prevention of Block-Withholding Attack in Bitcoin},
    Year = {2016},
    note={Accessed: 2017-08-03},
    howpublished={\url{https://arxiv.org/abs/1605.02435}},
    
}

@misc{heilman2016tumblebit,
  title={TumbleBit: An untrusted Bitcoin-compatible anonymous payment hub},
  author={Heilman, Ethan and Alshenibr, Leen and Baldimtsi, Foteini and Scafuro, Alessandra and Goldberg, Sharon},
  journal={Cryptology ePrint Archive, Report 2016/575, Tech. Rep.},
  year={2016},
  note={Accessed: 2017-09-29},
  
}

@misc{heilman2016blindly,
    author = {Ethan Heilman and Foteini Baldimtsi and Sharon Goldberg},
    title = {Blindly Signed Contracts: Anonymous On-Blockchain and Off-Blockchain Bitcoin Transactions},
    howpublished = {Cryptology ePrint Archive, Report 2016/056},
    year = {2016},
  note          ={Accessed: 2017-10-03},
    
}

@article{egbertsen2016replacing,
  title={Replacing Paper Contracts With Ethereum Smart Contracts},
  author={Egbertsen, Wesley and Hardeman, Gerdinand and van den Hoven, Maarten and van der Kolk, Gert and van Rijsewijk, Arthur},
  year={2016},
  
  note={Accessed: 2017-10-24}
}

@article{rizun2016subchains,
  title={Subchains: A Technique to Scale Bitcoin and Improve the User Experience},
  author={Rizun, Peter R},
  journal={Ledger},
  volume={1},
  pages={38--52},
  year={2016},
}
 
% 2017

@misc{liao2017incentivizing,
  title={Incentivizing Double-spend Collusion in Bitcoin},
  author={Kevin Liao and Jonathan Katz},
  year={2017},
  note={Accessed: 2017-02-06},
  howpublished={\url{https://www.cs.umd.edu/~gasarch/reupapers/katzbitcoin16.pdf}},
  
}

@misc{bentov2017instantaneous,
  author        = {Iddo Bentov and
                   Ranjit Kumaresan and
                   Andrew Miller},
  title         = {Instantaneous Decentralized Poker},
  journal       = {CoRR},
  volume        = {abs/1701.06726},
  year          = {2017},
  howpublished  = {\url{http://arxiv.org/abs/1701.06726.pdf}},
  note          ={Accessed: 2017-02-16},
  
}

@misc{velner2017smart,
    author = {Yaron Velner and Jason Teutsch and Loi Luu},
    title = {Smart Contracts Make Bitcoin Mining Pools Vulnerable},
    howpublished = {Cryptology ePrint Archive, Report 2017/230},
    year = {2017},
    note={Accessed: 2017-03-09},
    
}

@misc{bartoletti2017analysis,
  title={An analysis of Bitcoin OP\_RETURN metadata},
  author={Bartoletti, Massimo and Pompianu, Livio},
  journal={arXiv preprint arXiv:1702.01024},
  year={2017},
 howpublished={\url{https://arxiv.org/pdf/1702.01024.pdf}},
   note={Accessed: 2017-03-09},
  
}

@misc{dickerson2017adding,
  title={Adding Concurrency to Smart Contracts},
  author={Dickerson, Thomas and Gazzillo, Paul and Herlihy, Maurice and Koskinen, Eric},
  journal={arXiv preprint arXiv:1702.04467},
  year={2017},
 howpublished={\url{https://arxiv.org/pdf/1702.04467.pdf}},
  note={Accessed: 2017-03-16},
  
}

@misc{sergey2017concurrent,
  title={A Concurrent Perspective on Smart Contracts},
  author={Sergey, Ilya and Hobor, Aquinas},
  journal={arXiv preprint arXiv:1702.05511},
  year={2017},
 howpublished={\url{https://arxiv.org/pdf/1702.05511.pdf}},
  note={Accessed: 2017-03-16},
  
}

@misc{luu2017smart,
    author = {Loi Luu and Yaron Velner and Jason Teutsch and Prateek Saxena},
    title = {SMART POOL : Practical Decentralized Pooled Mining},
    journal = {Cryptology ePrint Archive, Report 2017/019},
    year = {2017},
    howpublished = {\url{http://eprint.iacr.org/2017/019}},
    note={Accessed: 2017-03-22},
    
}

@misc{dinh2017blockbench,
  title={BLOCKBENCH: A Framework for Analyzing Private Blockchains},
  author={Dinh, Tien Tuan Anh and Wang, Ji and Chen, Gang and Liu, Rui and Ooi, Beng Chin and Tan, Kian-Lee},
  journal={arXiv preprint arXiv:1703.04057},
  year={2017},
  howpublished={\url{https://arxiv.org/pdf/1703.04057.pdf}},
  note={Accessed: 2017-03-22},
  
}

@misc{crain2017leader,
  title={(Leader/Randomization/Signature)-free Byzantine Consensus for Consortium Blockchains},
  author={Crain, Tyler and Gramoli, Vincent and Larrea, Mikel and Raynal, Michel},
  journal={arXiv preprint arXiv:1702.03068},
  year={2017},
  howpublished={\url{https://arxiv.org/pdf/1702.03068.pdf}},
  note={Accessed: 2017-03-22},
  
}

@misc{di2017smart,
  title={Smart Contract SLAs for Dense Small-Cell-as-a-Service},
  author={Di Pascale, Emanuele and McMenamy, Jasmina and Macaluso, Irene and Doyle, Linda},
  journal={arXiv preprint arXiv:1703.04502},
  year={2017},
  howpublished={\url{https://arxiv.org/pdf/1703.04502.pdf}},
  note={Accessed: 2017-03-22},
  
}

@misc{chen2017under,
  title={Under-Optimized Smart Contracts Devour Your Money},
  author={Chen, Ting and Li, Xiaoqi and Luo, Xiapu and Zhang, Xiaosong},
  journal={arXiv preprint arXiv:1703.03994},
  year={2017}, 
  howpublished={\url{https://arxiv.org/pdf/1703.03994.pdf}},
  note={Accessed: 2017-03-22},
  
}

@misc{bartoletti2017dissecting,
  title={Dissecting Ponzi schemes on Ethereum: identification, analysis, and impact},
  author={Bartoletti, Massimo and Carta, Salvatore and Cimoli, Tiziana and Saia, Roberto},
  journal={arXiv preprint arXiv:1703.03779},
  year={2017},
  howpublished={\url{https://arxiv.org/pdf/1703.03779.pdf}},
  note={Accessed: 2017-03-22},
  
Author = {Siamak Solat and Maria Potop-Butucaru},
Title = {ZeroBlock: Timestamp-Free Prevention of Block-Withholding Attack in Bitcoin},
Year = {2016},
Eprint = {arXiv:1605.02435},
}03.03779.pdf}
}

@misc{miller2017sprites,
  title={Sprites: Payment Channels that Go Faster than Lightning},
  author={Miller, Andrew and Bentov, Iddo and Kumaresan, Ranjit and McCorry, Patrick},
  journal={arXiv preprint arXiv:1702.05812},
  year={2017},
  howpublished={\url{https://arxiv.org/pdf/1702.05812.pdf}},
  note={Accessed: 2017-03-22},
  
}

@misc{boyd2017key,
    author = {Colin Boyd and Xavier Boyen and Christopher Carr and Thomas Haines},
    title = {Key Recovery: Inert and Public},
    journal = {Cryptology ePrint Archive, Report 2017/243},
    year = {2017},
    howpublished = {\url{http://eprint.iacr.org/2017/243}},
    note={Accessed: 2017-03-22},
    
}

@misc{kaptchuk2017managing,
    author = {Gabriel Kaptchuk and Ian Miers and Matthew Green},
    title = {Managing Secrets with Consensus Networks: Fairness, Ransomware and Access Control},
    journal = {Cryptology ePrint Archive, Report 2017/201},
    year = {2017},
    howpublished = {\url{http://eprint.iacr.org/2017/201}},
    note={Accessed: 2017-03-22},
    
}

@misc{puddu2017muchain,
    author = {Ivan Puddu, Alexandra Dmitrienko, Srdjan Capkun},
    title = {$\mu$chain: How to Forget without Hard Forks},
    journal = {Cryptology ePrint Archive, Report 2017/106},
    year = {2017},
    howpublished = {\url{http://eprint.iacr.org/2017/106}},
    note={Accessed: 2017-03-22},
    
}

@misc{ruffing2017mixing,
    author = {Tim Ruffing and Pedro Moreno-Sanchez},
    title = {Mixing Confidential Transactions: Comprehensive Transaction Privacy for Bitcoin},
    journal = {Cryptology ePrint Archive, Report 2017/238},
    year = {2017},
    howpublished = {\url{http://eprint.iacr.org/2017/238}},
    note={Accessed: 2017-03-22},
    
}

@misc{ruffing2017switch,
    author = {Tim Ruffing and Giulio Malavolta},
    title = {Switch Commitments: A Safety Switch for Confidential Transactions},
    journal = {Cryptology ePrint Archive, Report 2017/237},
    year = {2017},
    howpublished = {\url{http://eprint.iacr.org/2017/237}},
    note={Accessed: 2017-03-22},
    
}

@misc{chepurnoy2017twinscoin,
    author = {Alexander Chepurnoy and Tuyet Duong and Lei Fan and Hong-Sheng Zhou},
    title = {TwinsCoin: A Cryptocurrency via Proof-of-Work and Proof-of-Stake},
    journal = {Cryptology ePrint Archive, Report 2017/232},
    year = {2017},
    howpublished = {\url{http://eprint.iacr.org/2017/232}},
    note={Accessed: 2017-03-22},
    
}

@article{cadwalladr2018revealed,
  title={Revealed: 50 million Facebook profiles harvested for Cambridge Analytica in major data breach},
  author={Cadwalladr, Carole and Graham-Harrison, Emma},
  journal={The Guardian},
  volume={17},
  year={2018}
}

@article{de2012proposed,
  title={The proposed data protection Regulation replacing Directive 95/46/EC: A sound system for the protection of individuals},
  author={De Hert, Paul and Papakonstantinou, Vagelis},
  journal={Computer Law \& Security Review},
  volume={28},
  number={2},
  pages={130--142},
  year={2012},
  publisher={Elsevier}
}

@misc{zhang2017rem,
    author = {Fan Zhang and Ittay Eyal and Robert Escriva and Ari Juels and Robbert van Renesse},
    title = {REM: Resource-Efficient Mining for Blockchains},
    journal = {Cryptology ePrint Archive, Report 2017/179},
    year = {2017},
    howpublished = {\url{http://eprint.iacr.org/2017/179}},
    
}

@misc{cascudo2017scrape,
    author = {Ignacio Cascudo and Bernardo David},
    title = {SCRAPE: Scalable Randomness Attested by Public Entities},
    journal = {Cryptology ePrint Archive, Report 2017/216},
    year = {2017},
    howpublished = {http://eprint.iacr.org/2017/216},
    note={Accessed: 2017-03-24},
    
}

@misc{miller2017empirical,
  title={An Empirical Analysis of Linkability in the Monero Blockchain},
  author={Miller, Andrew and Moeser, Malte and Lee, Kevin and Narayanan, Arvind},
  journal={arXiv preprint arXiv:1704.04299},
  year={2017},
  howpublished = {\url{https://arxiv.org/abs/1704.04299}},
  note={Accessed: 2017-04-24},
  
}

@misc{richer,
  title={Compounding of Wealth in Proof-of-Stake Cryptocurrencies},
  author={Fanti, Giulia and Kogan, Leonid and Oh, Sewoong and Ruan, Kathleen and Viswanath, Pramod and Wang, Gerui},
  journal={arXiv:1809.07468},
  year={2018},
  howpublished = {\url{https://arxiv.org/abs/1809.07468}},
}


@misc{dorri2017blockchaindistributed,
  title={BlockChain: A distributed solution to automotive security and privacy},
  author={Dorri, Ali and Steger, Marco and Kanhere, Salil S and Jurdak, Raja},
  journal={arXiv preprint arXiv:1704.00073},
  year={2017},
  howpublished = {\url{https://arxiv.org/abs/1704.00073}},
  note={Accessed: 2017-04-24},
  
}

@misc{pappalardo2017blockchain,
  title={Blockchain Inefficiency in the Bitcoin Peers Network},
  author={Pappalardo, Giuseppe and Di Matteo, T and Caldarelli, Guido and Aste, Tomaso},
  journal={arXiv preprint arXiv:1704.01414},
  year={2017},
  howpublished = {\url{https://arxiv.org/abs/1704.01414}},
  note={Accessed: 2017-04-24},
  
}

@misc{rowan2017securing,
  title={Securing Vehicle to Vehicle Communications using Blockchain through Visible Light and Acoustic Side-Channels},
  author={Rowan, Sean and Clear, Michael and Gerla, Mario and Huggard, Meriel and Goldrick, Ciar{\'a}n Mc},
  journal={arXiv preprint arXiv:1704.02553},
  year={2017},
  howpublished = {\url{https://arxiv.org/abs/1704.02553}},
  note={Accessed: 2017-04-24},
  
}

@misc{danzi2017distributed,
  title={Distributed Proportional-Fairness Control in MicroGrids via Blockchain Smart Contracts},
  author={Danzi, Pietro and Angjelichinoski, Marko and Stefanovi{\'c}, {\v{C}}edomir and Popovski, Petar},
  journal={arXiv preprint arXiv:1705.01453},
  year={2017},
  howpublished = {\url{https://arxiv.org/abs/1705.01453}},
  note={Accessed: 2017-04-24},
  
}

@misc{english2017conditions,
  title={Conditions of Full Disclosure: The Blockchain Remuneration Model},
  author={English, S Matthew and Nezhadian, Ehsan},
  journal={arXiv preprint arXiv:1703.04196},
  year={2017},
  howpublished = {\url{https://arxiv.org/abs/1703.04196}},
  note={Accessed: 2017-04-24},
  
}

@misc{porru2017blockchain,
  title={Blockchain-oriented Software Engineering: Challenges and New Directions},
  author={Porru, Simone and Pinna, Andrea and Marchesi, Michele and Tonelli, Roberto},
  journal={arXiv preprint arXiv:1702.05146},
  year={2017},
  howpublished = {\url{https://arxiv.org/abs/1702.05146}},
  note={Accessed: 2017-04-24},
  
}

@misc{malavolta2017concurrency,
  title={Concurrency and Privacy with Payment-Channel Networks},
  author={Malavolta, Giulio and Moreno-Sanchez, Pedro and Kate, Aniket and Maffei, Matteo and Ravi, Srivatsan},
  year={2017},
  howpublished={\url{https://www.cs.purdue.edu/homes/pmorenos/public/paychannels.pdf}},
  note={Accessed: 2017-06-29},
  
}

@misc{tarasov2017internet,
    author = {Pavel Tarasov and Hitesh Tewari},
    title = {Internet Voting Using Zcash},
    howpublished = {Cryptology ePrint Archive, Report 2017/585},
    year = {2017},
    howpublished = {\url{http://eprint.iacr.org/2017/585}},
    note={Accessed: 2017-06-29},
    
}

@misc{david2017ouroboros,
    author = {Bernardo David and Peter Ga{\v{z}}i and Aggelos Kiayias and Alexander Russell},
    title = {Ouroboros Praos: An adaptively-secure, semi-synchronous proof-of-stake protocol},
    howpublished = {Cryptology ePrint Archive, Report 2017/573},
    year = {2017},
    howpublished = {\url{http://eprint.iacr.org/2017/573}},
    note={Accessed: 2017-06-29},
    
}

@misc{campanelli2017zero,
    author = {Matteo Campanelli and Rosario Gennaro and Steven Goldfeder and Luca Nizzardo},
    title = {Zero-Knowledge Contingent Payments Revisited: Attacks and Payments for Services},
    howpublished = {Cryptology ePrint Archive, Report 2017/566},
    year = {2017},
    note={Accessed: 2017-06-29},
    howpublished = {\url{http://eprint.iacr.org/2017/566}},
    
}

@misc{altawy2017lelantos,
    author = {Riham AlTawy and Muhammad ElSheikh and Amr M. Youssef and Guang Gong},
    title = {Lelantos: A Blockchain-based Anonymous Physical Delivery System},
    howpublished = {Cryptology ePrint Archive, Report 2017/465},
    year = {2017},
    note={Accessed: 2017-06-29},
    howpublished = {\url{http://eprint.iacr.org/2017/465}},
    
}

@misc{gilad2017algorand,
    author = {Yossi Gilad and Rotem Hemo and Silvio Micali and Georgios Vlachos and Nickolai Zeldovich},
    title = {Algorand: Scaling Byzantine Agreements for Cryptocurrencies},
    howpublished = {Cryptology ePrint Archive, Report 2017/454},
    year = {2017},
    note={Accessed: 2017-06-29},
    howpublished = {\url{http://eprint.iacr.org/2017/454}},
    
}

@misc{li2017block,
    author = {Huige Li and  Haibo Tian and Fangguo Zhang},
    title = {Block Chain based Searchable Symmetric Encryption},
    howpublished = {Cryptology ePrint Archive, Report 2017/447},
    year = {2017},
    note={Accessed: 2017-06-29},
    howpublished = {\url{http://eprint.iacr.org/2017/447}},
    
}

@misc{li2017crowdbc,
    author = {Ming Li and Jian Weng and Anjia Yang and Wei Lu},
    title = {CrowdBC: A Blockchain-based Decentralized Framework for Crowdsourcing},
    howpublished = {Cryptology ePrint Archive, Report 2017/444},
    year = {2017},
    note={Accessed: 2017-06-29},
    howpublished = {\url{http://eprint.iacr.org/2017/444}},
    
}

@misc{kokoris2017omniledger,
    author = {Eleftherios Kokoris-Kogias and Philipp Jovanovic and Linus Gasser and Nicolas Gailly and Bryan Ford},
    title = {OmniLedger: A Secure, Scale-Out, Decentralized Ledger},
    howpublished = {Cryptology ePrint Archive, Report 2017/406},
    year = {2017},
    note={Accessed: 2017-06-29},
    howpublished = {\url{http://eprint.iacr.org/2017/406}},
    
}

@misc{perez2017double,
    author = {Cristina P{\' e}rez-Sol{\` a} and Sergi Delgado-Segura and Guillermo Navarro-Arribas and Jordi Herrera-Joancomart{\' i} },
    title = {Double-spending Prevention for Bitcoin zero-confirmation transactions},
    howpublished = {Cryptology ePrint Archive, Report 2017/394},
    year = {2017},
    note={Accessed: 2017-06-29},
    howpublished = {\url{http://eprint.iacr.org/2017/394}},
    
}

@misc{wust2017do,
    author = {Karl W{\" u}st and Arthur Gervais},
    title = {Do you need a Blockchain?},
    howpublished = {Cryptology ePrint Archive, Report 2017/375},
    year = {2017},
    note={Accessed: 2017-06-29},
    howpublished = {\url{http://eprint.iacr.org/2017/375}},
    
}

@misc{kumar2017traceability,
    author = {Amrit Kumar and Cl\'{e}ment Fischer and Shruti Tople and Prateek Saxena},
    title = {A Traceability Analysis of Monero's Blockchain},
    howpublished = {Cryptology ePrint Archive, Report 2017/338},
    year = {2017},
    note={Accessed: 2017-06-29},
    howpublished = {\url{http://eprint.iacr.org/2017/338}},
    
}

@misc{cecchetti2017solidus,
    author = {Ethan Cecchetti and Fan Zhang and Yan Ji and Ahmed Kosba and Ari Juels and Elaine Shi},
    title = {Solidus: Confidential Distributed Ledger Transactions via PVORM},
    howpublished = {Cryptology ePrint Archive, Report 2017/317},
    year = {2017},
    howpublished = {\url{http://eprint.iacr.org/2017/317}},
    note={Accessed: 2017-06-29},
    
}

@misc{bentov2017tortoise,
    author = {Iddo Bentov and Pavel Hub\'{a}\v{c}ek and Tal Moran and Asaf Nadler},
    title = {Tortoise and Hares Consensus: the Meshcash Framework for Incentive-Compatible, Scalable Cryptocurrencies},
    howpublished = {Cryptology ePrint Archive, Report 2017/300},
    year = {2017},
    howpublished = {\url{http://eprint.iacr.org/2017/300}},
    note={Accessed: 2017-06-29},
    
}

@misc{narayanan2017obfuscation,
Author = {Arvind Narayanan and Malte M{\" o}ser},
Title = {Obfuscation in Bitcoin: Techniques and Politics},
Year = {2017},
howpublished = {https://arxiv.org/abs/1706.05432},
 note={Accessed: 2017-06-29},

}

@misc{recabarren2017hardening,
Author = {Ruben Recabarren and Bogdan Carbunar},
Title = {Hardening Stratum, the Bitcoin Pool Mining Protocol},
Year = {2017},
howpublished = {arXiv:1703.06545},
 note={Accessed: 2017-06-29},

}

@misc{fanti2017anonymity,
Author = {Giulia Fanti and Pramod Viswanath},
Title = {Anonymity Properties of the Bitcoin P2P Network},
Year = {2017},
howpublished = {arXiv:1703.08761},
 note={Accessed: 2017-06-29},

}

@misc{ren2017practical,
Author = {Ling Ren and Kartik Nayak and Ittai Abraham and Srinivas Devadas},
Title = {Practical Synchronous Byzantine Consensus},
Year = {2017},
howpublished = {arXiv:1704.02397},
 note={Accessed: 2017-06-29},

}

@misc{riemann2017distributed,
Author = {Robert Riemann and St{\' e}phane Grumbach},
Title = {Distributed Protocols at the Rescue for Trustworthy Online Voting},
Year = {2017},
howpublished = {arXiv:1705.04480},
}

@misc{kiktenko2017quantum,
Author = {E. O. Kiktenko and N. O. Pozhar and M. N. Anufriev and A. S. Trushechkin and R. R. Yunusov and Y. V. Kurochkin and A. I. Lvovsky and A. K. Fedorov},
Title = {Quantum-secured blockchain},
Year = {2017},
howpublished = {arXiv:1705.09258},
 note={Accessed: 2017-06-29},

}

@misc{jaiyeola2017good,
Author = {Mercy O. Jaiyeola and Kyle Patron and Jared Saia and Maxwell Young and Qian M. Zhou},
Title = {Good Things Come in LogLog(n)-Sized Packages: Robustness with Small Quorums},
Year = {2017},
howpublished = {arXiv:1705.10387},
 note={Accessed: 2017-06-29},

}

@misc{ren2017implicit,
Author = {Zhijie Ren and Kelong Cong and Johan Pouwelse and Zekeriya Erkin},
Title = {Implicit Consensus: Blockchain with Unbounded Throughput},
Year = {2017},
howpublished = {arXiv:1705.11046},
 note={Accessed: 2017-06-29},

}

@misc{conti2017survey,
Author = {Mauro Conti and Sandeep Kumar E and Chhagan Lal and Sushmita Ruj},
Title = {A Survey on Security and Privacy Issues of Bitcoin},
Year = {2017},
howpublished = {arXiv:1706.00916},
 note={Accessed: 2017-06-29},

}

@misc{moinet2017blockchain,
Author = {Axel Moinet and Beno{\^ i}t Darties and Jean-Luc Baril},
Title = {Blockchain based trust {\&} authentication for decentralized sensor networks},
Year = {2017},
howpublished = {arXiv:1706.01730},
 note={Accessed: 2017-06-29},

}

@misc{moreno2017mind,
Author = {Pedro Moreno-Sanchez and Navin Modi and Raghuvir Songhela and Aniket Kate and Sonia Fahmy},
Title = {Mind Your Credit: Assessing the Health of the Ripple Credit Network},
Year = {2017},
howpublished = {arXiv:1706.02358},
 note={Accessed: 2017-06-29},

}

@misc{neisse2017blockchain,
Author = {Ricardo Neisse and Gary Steri and Igor Nai-Fovino},
Title = {A Blockchain-based Approach for Data Accountability and Provenance Tracking},
Year = {2017},
 howpublised = {arXiv:1706.04507},
 note={Accessed: 2017-06-29},

}

@misc{ball2017proofs,
  title={Proofs of Useful Work},
  author={Ball, Marshall and Rosen, Alon and Sabin, Manuel and Vasudevan, Prashant Nalini},
  journal={IACR Cryptology ePrint Archive},
  volume={2017},
  pages={203},
  year={2017}, 
  note={Accessed: 2017-06-29},
  
}

  % howpublished = {Cryptology ePrint Archive, Report 2017/686},
@misc{zhang2017necessity,
    author = {Ren Zhang and Bart Preneel},
    title = {On the Necessity of a Prescribed Block Validity Consensus: Analyzing Bitcoin Unlimited Mining Protocol},
    year = {2017},
    howpublished = {\url{http://eprint.iacr.org/2017/686}},
    note={Accessed: 2017-07-20},
    
}

@misc{meshkov2017revisiting,
    author = {Dmitry Meshkov and Alexander Chepurnoy and Marc Jansen},
    title = {Revisiting Difficulty Control for Blockchain Systems},
    howpublished = {Cryptology ePrint Archive, Report 2017/731},
    year = {2017},
    note={Accessed: 2017-08-03},
    
}

@misc{zhang2017anonymous,
    author = {Huang Zhang and  Fangguo Zhang and  Haibo Tian and Man Ho Au},
    title = {Anonymous Post-Quantum Cryptocash},
    howpublished = {Cryptology ePrint Archive, Report 2017/716},
    year = {2017},
    note={Accessed: 2017-08-03},
    
}

@misc{poon2017plasma,
	author={Joseph Poon and Vitalik Buterin},
	title={Plasma: Scalable Autonomous Smart Contracts},
	howpublished={\url{https://www.plasma.io/}},
	year={2017},
	month={Aug},
	note={Accessed: 2017-08-10},
	
}

@misc{tang2017improved,
  title={Improved Hybrid Consensus Scheme with Privacy-preserving Property.},
  author={Tang, Shuyang and Liu, Zhiqiang and Liu, Zhen and Long, Yu and Liu, Shengli},
  howpublished={IACR Cryptology ePrint Archive},
  pages={192},
  year={2017},
note={Accessed: 2017-08-11},
  
}

@misc{beccuti2017bitcoin,
  title={The Bitcoin Mining Game: On the Optimality of Honesty in Proof-of-work Consensus Mechanism},
  author={Beccuti, Juan and Jaag, Christian and others},
  year={2017},
  note={Accessed: 2017-08-11},
  
}

@misc{setty2017enabling,
author = {Setty, Srinath and Basu, Soumya and Zhou, Lidong and Roberts, Michael Lowell and Venkatesan, Ramarathnam},
title = {Enabling secure and resource-efficient blockchain networks with VOLT},
howpublished = {\url{https://www.microsoft.com/en-us/research/publication/enabling-secure-resource-efficient-blockchain-networks-volt/}},
year = {2017},
month = {August},
  note={Accessed: 2017-08-21},

}

@misc{garay2017proofs,
    author = {Juan A. Garay and Aggelos Kiayias and Giorgos Panagiotakos},
    title = {Proofs of Work for Blockchain Protocols},
    howpublished = {Cryptology ePrint Archive, Report 2017/775},
    year = {2017},
    note = {\url{http://eprint.iacr.org/2017/775}},
    
}

@misc{dinh2017untangling,
  title={Untangling Blockchain: A Data Processing View of Blockchain Systems},
  author={Dinh, Tien Tuan Anh and Liu, Rui and Zhang, Meihui and Chen, Gang and Ooi, Beng Chin and Wang, Ji},
  howpublished={arXiv preprint arXiv:1708.05665},
  year={2017},
  note={Accessed: 2017-08-26},
  
}

@misc{ozisik2017estimation,
Author = {A. Pinar Ozisik and George Bissias and Brian Levine},
Title = {Estimation of Miner Hash Rates and Consensus on Blockchains},
Year = {2017},
howpublished = {arXiv preprint arXiv:1707.00082},
note={Accessed:2017-09-25},

}

@misc{bartoletti2017general,
Author = {Massimo Bartoletti and Andrea Bracciali and Stefano Lande and Livio Pompianu},
Title = {A general framework for Bitcoin analytics},
Year = {2017},
howpublished = {arXiv:1707.01021},
note={Accessed:2017-09-25},

}

@misc{bruennler2017logic,
Author = {Kai Br{\" u}nnler and Dandolo Flumini and Thomas Studer},
Title = {A Logic of Blockchain Updates},
Year = {2017},
howpublished = {arXiv:1707.01766},
note={Accessed:2017-09-25},

}

@misc{dong2017betrayal,
Author = {Changyu Dong and Yilei Wang and Amjad Aldweesh and Patrick McCorry and Aad van Moorsel},
Title = {Betrayal, Distrust, and Rationality: Smart Counter-Collusion Contracts for Verifiable Cloud Computing},
Year = {2017},
howpublished = {arXiv:1708.01171},
note={Accessed:2017-09-25},

}

@misc{1708.03468,
Author = {Thanh Bui and Tuomas Aura},
Title = {Key exchange with the help of a public ledger},
Year = {2017},
howpublished = {arXiv:1708.03468},
note={Accessed:2017-09-25},

}

@misc{albassam2017chainspace,
Author = {Mustafa Al-Bassam and Alberto Sonnino and Shehar Bano and Dave Hrycyszyn and George Danezis},
Title = {Chainspace: A Sharded Smart Contracts Platform},
Year = {2017},
howpublished = {arXiv:1708.03778},
note={Accessed:2017-09-25},

}

@misc{goldfeder2017when,
Author = {Steven Goldfeder and Harry Kalodner and Dillon Reisman and Arvind Narayanan},
Title = {When the cookie meets the blockchain: Privacy risks of web payments via cryptocurrencies},
Year = {2017},
howpublished = {arXiv:1708.04748},
note={Accessed:2017-09-25},

}

@misc{tasca2017ontology,
Author = {Paolo Tasca and Thayabaran Thanabalasingham and Claudio J. Tessone},
Title = {Ontology of Blockchain Technologies. Principles of Identification and Classification},
Year = {2017},
howpublished = {arXiv:1708.04872},
note={Accessed:2017-09-25},

}

@misc{rosenfeld2017predicting,
Author = {Meni Rosenfeld},
Title = {Predicting Block Halving Party Times},
Year = {2017},
howpublished = {arXiv:1708.05185},
note={Accessed:2017-09-25},

}

@misc{chatzopoulos2017localcoin,
Author = {Dimitris Chatzopoulos and Sujit Gujar and Boi Faltings and Pan Hui},
Title = {LocalCoin: An Ad-hoc Payment Scheme for Areas with High Connectivity},
Year = {2017},
howpublished = {arXiv:1708.08086},
note={Accessed:2017-09-25},

}

@misc{oliver2017proposal,
Author = {Carlos G. Oliver and Alessandro Ricottone and Pericles Philippopoulos},
Title = {Proposal for a fully decentralized blockchain and proof-of-work algorithm for solving NP-complete problems},
Year = {2017},
howpublished = {arXiv:1708.09419},
note={Accessed:2017-09-25},

}
@inproceedings{kim2017enhancing,
  title={Enhancing Security and Privacy of Tor's Ecosystem by Using Trusted Execution Environments.},
  author={Kim, Seong Min and Han, Juhyeng and Ha, Jaehyeong and Kim, Taesoo and Han, Dongsu},
  booktitle={NSDI},
  pages={145--161},
  year={2017}
}

@inproceedings{vukolic2017rethinking,
  title={Rethinking permissioned blockchains},
  author={Vukoli{\'c}, Marko},
  booktitle={Proceedings of the ACM Workshop on Blockchain, Cryptocurrencies and Contracts},
  pages={3--7},
  year={2017},
  organization={ACM}
}
@misc{kwon2017selfish,
Author = {Yujin Kwon and Dohyun Kim and Yunmok Son and Eugene Vasserman and Yongdae Kim},
Title = {Be Selfish and Avoid Dilemmas: Fork After Withholding (FAW) Attacks on Bitcoin},
Year = {2017},
howpublished = {arXiv:1708.09790},
note={Accessed:2017-09-25},

}

@misc{kalodner2017blocksci,
Author = {Harry Kalodner and Steven Goldfeder and Alishah Chator and Malte M{\" o}ser and Arvind Narayanan},
Title = {BlockSci: Design and applications of a blockchain analysis platform},
Year = {2017},
howpublished = {arXiv:1709.02489},
note={Accessed:2017-09-25},

}

@misc{roos2017settling,
Author = {Stefanie Roos and Pedro Moreno-Sanchez and Aniket Kate and Ian Goldberg},
Title = {Settling Payments Fast and Private: Efficient Decentralized Routing for Path-Based Transactions},
Year = {2017},
howpublished = {arXiv:1709.05748},
note={Accessed:2017-09-25},

}

@misc{dubovitskaya2017secure,
Author = {Alevtina Dubovitskaya and Zhigang Xu and Samuel Ryu and Michael Schumacher and Fusheng Wang},
Title = {Secure and Trustable Electronic Medical Records Sharing using Blockchain},
Year = {2017},
howpublished = {arXiv:1709.06528},
note={Accessed:2017-09-25},

}

@misc{wang2017towards,
Author = {Liang Wang and Ivan Pustogarov},
Title = {Towards Better Understanding of Bitcoin Unreachable Peers},
Year = {2017},
howpublished = {arXiv:1709.06837},
note={Accessed:2017-09-25},

}


@misc{bftsmart:dsn18,
Author = {Jo{\~ a}o Sousa and Alysson Bessani and Marko Vukoli{\' c}},
Title = {A Byzantine Fault-Tolerant Ordering Service for the Hyperledger Fabric 
Blockchain Platform},
Year = {2018},
howpublished = {IEEE/IFIP International Conference on Dependable System and 
Network (DSN 2018)},
}



@misc{pinna2017petri,
Author = {Andrea Pinna and Roberto Tonelli and Matteo Orr{\' u} and Michele Marchesi},
Title = {A Petri Nets Model for Blockchain Analysis},
Year = {2017},
howpublished = {arXiv:1709.07790},
note={Accessed:2017-09-25},

}

@misc{badertscher2017bitcoin,
    author = {Christian Badertscher and Ueli Maurer and Daniel Tschudi and Vassilis Zikas},
    title = {Bitcoin as a Transaction Ledger: A Composable Treatment},
    howpublished = {Cryptology ePrint Archive, Report 2017/149},
    year = {2017},
    note={Accessed:2017-09-26},
    
}

@misc{liu2017fork,
    author = {Zhiqiang Liu and Shuyang Tang and Sherman S.M. Chow and Zhen Liu and Yu Long},
    title = {Fork-Free Hybrid Consensus with Flexible Proof-of-Activity},
    howpublished = {Cryptology ePrint Archive, Report 2017/367},
    year = {2017},
   note={Accessed:2017-09-26},
    
}

@misc{zhang2017zchannel,
    author = {Yuncong Zhang and Yu Long and Zhen Liu and Zhiqiang Liu and Dawu Gu},
    title = {Z-Channel: Scalable and Efficient Scheme in Zerocash},
    howpublished = {Cryptology ePrint Archive, Report 2017/684},
    year = {2017},
 note={Accessed:2017-09-26},
    
}

@misc{khalil2017revive,
    author = {Rami Khalil and Arthur Gervais},
    title = {Revive: Rebalancing Off-Blockchain Payment Networks},
    howpublished = {Cryptology ePrint Archive, Report 2017/823},
    year = {2017},
    note={Accessed:2017-09-26},
    
}

@misc{sanchez2017raziel,
    author = {David Cerezo S{\' a}nchez},
    title = {Raziel: Private and Verifiable Smart Contracts on Blockchains},
    howpublished = {Cryptology ePrint Archive, Report 2017/878},
    year = {2017},
    note={Accessed:2017-09-26},
    
}

@misc{meiklejohn2017moebius,
    author = {Sarah Meiklejohn and Rebekah Mercer},
    title = {M{\"o}bius: Trustless Tumbling for Transaction Privacy},
    howpublished = {Cryptology ePrint Archive, Report 2017/881},
    year = {2017},
    note={Accessed:2017-09-26},
    
}

@misc{david2017kaleidoscope,
    author = {Bernardo David and Rafael Dowsley and Mario Larangeira},
    title = {Kaleidoscope: An Efficient Poker Protocol  with Payment Distribution and Penalty Enforcement},
    howpublished = {Cryptology ePrint Archive, Report 2017/899},
    year = {2017},
    note={Accessed:2017-09-26},
    
}

@misc{pass2017thunderella,
    author = {Rafael Pass and Elaine Shi},
    title = {Thunderella: Blockchains with Optimistic Instant Confirmation},
    howpublished = {Cryptology ePrint Archive, Report 2017/913},
    year = {2017},
    note={Accessed:2017-09-26},
    
}

@misc{eckey2017efficient,
    author = {Lisa Eckey and Sebastian Faust and Julian Loss},
    title = {Efficient Algorithms for Broadcast and Consensus Based on Proofs of Work},
    howpublished = {Cryptology ePrint Archive, Report 2017/915},
    year = {2017},
    note={Accessed:2017-09-26},
    
}

@misc{sun2017ringct,
    author = {Shi-Feng Sun and Man Ho Au and Joseph K. Liu and Tsz Hon Yuen and Dawu Gu},
    title = {RingCT 2.0: A Compact Accumulator-Based (Linkable Ring Signature) Protocol for Blockchain Cryptocurrency Monero},
    howpublished = {Cryptology ePrint Archive, Report 2017/921},
    year = {2017},
    note={Accessed:2017-09-26},
    
}

@misc{goyal2017overcoming,
    author = {Rishab Goyal and Vipul Goyal},
    title = {Overcoming Cryptographic Impossibility Results using Blockchains},
    howpublished = {Cryptology ePrint Archive, Report 2017/935},
    year = {2017},
   note={Accessed:2017-09-26},
    
}

@misc{cachin2017blockchain,
    Author = {Christian Cachin and Marko Vukoli{\'c}},
    Title = {Blockchain Consensus Protocols in the Wild},
    Year = {2017},
    howpublished = {arXiv:1707.01873},
    note={Accessed:2017-09-26},
    
}

@misc{kiayias2017noninteractive,
    author = {Aggelos Kiayias and Andrew Miller and Dionysis Zindros},
    title = {Non-interactive proofs of proof-of-work},
    howpublished = {Cryptology ePrint Archive, Report 2017/963},
    year = {2017},
    note={Accessed:2017-10-03},
    
}

@misc{fisch2017socially,
  title={Socially Optimal Mining Pools},
  author={Fisch, Ben A and Pass, Rafael and Shelat, Abhi},
  howpublished={arXiv preprint arXiv:1703.03846},
  year={2017},
  note={Accessed:2017-10-05},
  
}

@misc{teutsch2017scalable,
 title={A scalable verification solution for blockchains},
 author={Jason Teutsch and Christian Reitwie{\ss}ner},
 howpublished={\url{https://truebit.io/}},
 year={2017},
 month={March},
 note={Accessed:2017-10-06},
 
}

@misc{tran2017obscuro,
    author = {Muoi Tran and Loi Luu and Min Suk Kang and Iddo Bentov and Prateek Saxena},
    title = {Obscuro: A Bitcoin Mixer using Trusted Execution Environments},
    howpublished = {Cryptology ePrint Archive, Report 2017/974},
    year = {2017},
    note={Accessed:2017-10-06},
    
}

@misc{alwen2017moderately,
    author = {Jo{\" e}l Alwen and Bj{\" o}rn Tackmann},
    title = {Moderately Hard Functions: Definition, Instantiations, and Applications},
    howpublished = {Cryptology ePrint Archive, Report 2017/945},
    year = {2017},
    note={Accessed:2017-10-06},
    
}

@misc{alharby2017blockchain,
Author = {Maher Alharby and Aad van Moorsel},
Title = {Blockchain-based Smart Contracts: A Systematic Mapping Study},
Year = {2017},
Howpublished = {Fourth International Conference on Computer Science and
  Information Technology (CSIT-2017)},
    note={Accessed:2017-10-20},
 
}

@misc{ali2017nuts,
Author = {Syed Taha Ali and Dylan Clarke and Patrick McCorry},
Title = {The Nuts and Bolts of Micropayments: A Survey},
Year = {2017},
howpublished = {arXiv:1710.02964},
    note={Accessed:2017-10-20},
   
}

@misc{augot2017transforming,
Author = {Daniel Augot and Herv{\' e} Chabanne and Olivier Cl{\' e}mot and William George},
Title = {Transforming face-to-face identity proofing into anonymous digital identity using the Bitcoin blockchain},
Year = {2017},
howpublished = {arXiv:1710.02951},
    note={Accessed:2017-10-20},
   
}

@misc{aggarwal2017quantum,
Author = {Divesh Aggarwal and Gavin K. Brennen and Troy Lee and Miklos Santha and Marco Tomamichel},
Title = {Quantum attacks on Bitcoin, and how to protect against them},
Year = {2017},
howpublished = {arXiv:1710.10377},
    note={Accessed:2017-11-06},
   
}

@misc{buterin2017casper,
Author = {Vitalik Buterin and Virgil Griffith},
Title = {Casper the Friendly Finality Gadget},
Year = {2017},
howpublished = {arXiv:1710.09437},
    note={Accessed:2017-11-06},
   
}

@misc{blass2017strain,
    author = {Erik-Oliver Blass and Florian Kerschbaum},
    title = {Strain: A Secure Auction for Blockchains},
    howpublished = {Cryptology ePrint Archive, Report 2017/1044},
    year = {2017},
    note={Accessed:2017-11-06},
    
}

@misc{eze2017triplicate,
  title={A Triplicate Smart Contract Model using Blockchain Technology},
  author={Eze, Peter and Eziokwu, Tochukwu and Okpara, Chinedu},
  year={2017},
  note={Accessed:2017-11-06},
  
}

@misc{chepurnoy2017space,
    author = {Alexander Chepurnoy and Dmitry Meshkov},
    title = {On Space-Scarce Economy In Blockchain Systems},
    howpublished = {Cryptology ePrint Archive, Report 2017/644},
    year = {2017},
    note={Accessed:2017-11-06},
    
}

@misc{bissias2017bobtail,
Author = {George Bissias and Brian Neil Levine},
Title = {Bobtail: A Proof-of-Work Target that Minimizes Blockchain Mining Variance},
Year = {2017},
howpublished = {arXiv:1709.08750},
note={Accessed:2017-11-10},

}

@misc{buenz2017efficient,
Author = {Benedikt B{\" u}nz and Jonathan Bootle and Dan Boneh and Andrew Poelstra and Pieter Wuille and Greg Maxwell},
Title = {Bulletproofs: Efficient Range Proofs for Confidential Transactions},
Year = {2017},
howpublished = {\url{http://web.stanford.edu/~buenz/pubs/}},
note={Accessed:2017-11-10},

}

@misc{espel2017proposal,
    author = {Thomas Espel and Laurent Katz and Guillaume Robin},
    title = {Proposal for Protocol on a Quorum Blockchain with Zero Knowledge},
    howpublished = {Cryptology ePrint Archive, Report 2017/1093},
    year = {2017},
note={Accessed:2017-11-14},
    
}

@misc{dziembowski2017perun,
    author = {Stefan Dziembowski and Lisa Eckey and Sebastian Faust and Daniel Malinowski},
    title = {PERUN: Virtual Payment Channels over Cryptographic Currencies},
    howpublished = {Cryptology ePrint Archive, Report 2017/635},
    year = {2017},
note={Accessed:2017-11-20},
    
}

@misc{atzei2017formal,
    author = {Nicola Atzei and Massimo Bartoletti and Stefano Lande and Roberto Zunino},
    title = {A formal model of Bitcoin transactions},
    howpublished = {Cryptology ePrint Archive, Report 2017/1124},
    year = {2017},
    note={Accessed:2017-12-04},
    
}

@misc{bentov2017tesseract,
    author = {Iddo Bentov and Yan Ji and Fan Zhang and Yunqi Li and Xueyuan Zhao and Lorenz Breidenbach and Philip Daian and Ari Juels},
    title = {Tesseract: Real-Time Cryptocurrency Exchange using Trusted Hardware},
    howpublished = {Cryptology ePrint Archive, Report 2017/1153},
    year = {2017},
    note={Accessed:2017-12-04},
    
}

@article{narula17zkledger,
  title={zkLedger: Privacy-Preserving Auditing for Distributed Ledgers},
  author={Narula, Neha and Vasquez, Willy and Virza, Madars},
  journal={auditing},
  volume={17},
  number={34},
  pages={42}
}

@misc{mavridou2017designing,
Author = {Anastasia Mavridou and Aron Laszka},
Title = {Designing Secure Ethereum Smart Contracts: A Finite State Machine Based Approach},
Year = {2017},
 note={Accessed:2017-12-04},
 howpublished = {arXiv:1711.09327},
 
}

@misc{kiran2017dynamic,
Author = {Ravi Kiran Raman and Lav R. Varshney},
Title = {Dynamic Distributed Storage for Scaling Blockchains},
Year = {2017},
note={Accessed:2017-12-04},
Eprint = {arXiv:1711.07617},

}

@misc{quesnelle2017linkability,
Author = {Jeffrey Quesnelle},
Title = {On the linkability of Zcash transactions},
Year = {2017},
howpublished = {arXiv:1712.01210},
note={Accessed:2017-12-11},

}


@inproceedings{bano2019sok,
  title={SoK: Consensus in the Age of Blockchains},
  author={Bano, Shehar and Sonnino, Alberto and Al-Bassam, Mustafa and Azouvi, Sarah and McCorry, Patrick and Meiklejohn, Sarah and Danezis, George},
  booktitle={Proceedings of the 1st ACM Conference on Advances in Financial Technologies},
  pages={183--198},
  year={2019},
  organization={ACM}
}

@misc{engelmann2017towards,
Author = {Felix Engelmann and Florian Glaser and Henning Kopp and Frank Kargl and Christof Weinhardt},
Title = {Towards an Economic Analysis of Routing in Payment Channel Networks},
Year = {2017},
howpublished = {arXiv:1711.02597},
Doi = {10.1145/3152824.3152826},
note={Accessed:2017-12-11},

}

@misc{norvill2017automated,
  title={Automated labeling of unknown contracts in Ethereum},
  author={Norvill, R and Awan, Irfan U and Pontiveros, BBF and Cullen, Andrea J and others},
  year={2017},
  note={Accessed:2017-12-11},
  howpublished = {\url{https://bradscholars.brad.ac.uk/bitstream/handle/10454/12220/automated-labeling-unknown(5).pdf}},
  
}

@misc{liu2017strategy,
    author = {Hanqing Liu and Na Ruan and Rongtian Du and Weijia Jia},
    title = {On the Strategy and Behavior of Bitcoin Mining with N-attackers},
    howpublished = {Cryptology ePrint Archive, Report 2017/1255},
    year = {2017},
    note={Accessed:2018-01-03},
    
}

@misc{branzei2017how,
Author = {Simina Br{\^ a}nzei and Erel Segal-Halevi and Aviv Zohar},
Title = {How to Charge Lightning},
Year = {2017},
howpublished = {arXiv:1712.10222},
note={Accessed:2018-01-03},

}

@misc{ersoy2017information,
Author = {Oguzhan Ersoy and Zhijie Ren and Zekeriya Erkin and Reginald L. Lagendijk},
Title = {Information Propagation on Permissionless Blockchains},
Year = {2017},
howpublished = {arXiv:1712.07564},
note={Accessed:2018-01-03},

}

@misc{albassam2017contour,
Author = {Mustafa Al-Bassam and Sarah Meiklejohn},
Title = {Contour: A Practical System for Binary Transparency},
Year = {2017},
howpublished = {arXiv:1712.08427},
note={Accessed:2018-01-03},

}

@misc{tikhomirov2017ethereum,
  title={Ethereum: state of knowledge and research perspectives},
  author={Tikhomirov, Sergei},
  year={2017},
  note={Accessed:2018-01-05},
  
}

@misc{abraham2017efficient,
    author = {Ittai Abraham and Srinivas Devadas and Danny Dolev and Kartik Nayak and Ling Ren},
    title = {Efficient Synchronous Byzantine Consensus},
    howpublished = {Cryptology ePrint Archive, Report 2017/307},
    year = {2017},
    
    note={Accessed:2018-02-07}
}

@misc{micali2017byzantine,
	author = {Silvio Micali},
	title = {Byzantine Agreement, Made Trivial},
	howpublished = { https://people.csail.mit.edu/silvio/Selected%20Scientific%20Papers/Distributed%20Computation/ },
	year = {2017},
	month = {Apr},
	note = {Accessed:2018-02-21},
	
}

@misc{sergey2018scilla,
Author = {Ilya Sergey and Amrit Kumar and Aquinas Hobor},
Title = {Scilla: a Smart Contract Intermediate-Level LAnguage},
Year = {2018},
howpublished = {arXiv:1801.00687},
note={Accessed:2018-01-08},

}

@misc{grossman2018online,
Author = {Shelly Grossman and Ittai Abraham and Guy Golan-Gueta and Yan Michalevsky and Noam Rinetzky and Mooly Sagiv and Yoni Zohar},
Title = {Online Detection of Effectively Callback Free Objects with Applications to Smart Contracts},
Year = {2018},
howpublished = {arXiv:1801.04032},
note={Accessed:2018-01-17},

}

@misc{chatterjee2018quantitative,
Author = {Krishnendu Chatterjee and Amir Kafshdar Goharshady and Yaron Velner},
Title = {Quantitative Analysis of Smart Contracts},
Year = {2018},
howpublished = {arXiv:1801.03367},
note={Accessed:2018-01-17},

}

@misc{dunphy2018first,
Author = {Paul Dunphy and Fabien A. P. Petitcolas},
Title = {A First Look at Identity Management Schemes on the Blockchain},
Year = {2018},
howpublished = {arXiv:1801.03294},
note={Accessed:2018-01-17},

}


@misc{singh2018violable,
Author = {Munindar P. Singh and Amit K. Chopra},
Title = {Violable Contracts and Governance for Blockchain Applications},
Year = {2018},
howpublished = {arXiv:1801.02672},
note={Accessed:2018-01-17},

}

@misc{chen2018towards,
Author = {Yize Chen and Quanlai Li and Hao Wang},
Title = {Towards Trusted Social Networks with Blockchain Technology},
Year = {2018},
howpublished = {arXiv:1801.02796},
note={Accessed:2018-01-17},

}

@misc{shudo2018towards,
Author = {Kazuyuki Shudo and Kenji Saito},
Title = {Towards Application Portability on Blockchains},
Year = {2018},
howpublished = {arXiv:1801.01421},
note={Accessed:2018-01-17},

}

@misc{ren2018scaleout,
Author = {Zhijie Ren and Zekeriya Erkin},
Title = {A Scale-out Blockchain for Value Transfer with Spontaneous Sharding},
Year = {2018},
howpublished = {arXiv:1801.02531},
note={Accessed:2018-01-17},

}

@misc{aggarwal2018simple,
    author = {Abhinav Aggarwal and Yue Guo},
    title = {A Simple Reduction from State Machine Replication to Binary Agreement in Partially Synchronous or Asynchronous Networks},
    howpublished = {Cryptology ePrint Archive, Report 2018/060},
    year = {2018},
    note= {Accessed:2018-01-17},
    
}

@misc{maxwell2018simple,
    author = {Gregory Maxwell and Andrew Poelstra and Yannick Seurin and Pieter Wuille},
    title = {Simple Schnorr Multi-Signatures with Applications to Bitcoin},
    howpublished = {Cryptology ePrint Archive, Report 2018/068},
    year = {2018},
    note = {Accessed:2018-01-22},
    
}


@misc{krafft2018experimental,
  author = {Peter M Krafft and Nicol{\' a}s Della Penna and Alex Pentland},
  title = {{A}n {E}xperimental {S}tudy of {C}ryptocurrency {M}arket {D}ynamics},
  year = {2018},
  eprint = {1801.05831},
  howpublished = {Peter Krafft, Nicol\'as Della Penna, Alex Pentland. (2018). An Experimental Study of Cryptocurrency Market Dynamics. ACM CHI Conference on Human Factors in Computing Systems (CHI)},
  doi = {10.1145/3173574.3174179},
}


@misc{sompolinsky2018phantom,
    author = {Yonatan Sompolinsky and Aviv Zohar},
    title = {PHANTOM: A Scalable BlockDAG Protocol},
    howpublished = {Cryptology ePrint Archive, Report 2018/104},
    year = {2018},
    note = {Accessed:2018-01-31},
    
}

@misc{herlihy2018atomic,
Author = {Maurice Herlihy},
Title = {Atomic Cross-Chain Swaps},
Year = {2018},
howpublished = {arXiv:1801.09515},
}

@misc{harz2018scalability,
Author = {Dominik Harz and Magnus Boman},
Title = {The Scalability of Trustless Trust},
Year = {2018},
howpublished = {arXiv:1801.09535},
}

@misc{zhang2018smart,
Author = {Yuanyu Zhang and Shoji Kasahara and Yulong Shen and Xiaohong Jiang and Jianxiong Wan},
Title = {Smart Contract-Based Access Control for the Internet of Things},
Year = {2018},
howpublished = {arXiv:1802.04410},
}

@misc{cohen2018simple,
    author = {Bram Cohen and Krzysztof Pietrzak},
    title = {Simple Proofs of Sequential Work},
    howpublished = {Cryptology ePrint Archive, Report 2018/183},
    year = {2018},
    note = {Accessed:2018-02-16},
    
}

@misc{badertscher2018but,
    author = {Christian Badertscher and Juan Garay and Ueli Maurer and Daniel Tschudi and Vassilis Zikas},
    title = {But Why does it Work? A Rational Protocol Design Treatment of Bitcoin},
    howpublished = {Cryptology ePrint Archive, Report 2018/138},
    year = {2018},
    note = {Accessed:2018-02-16},
    
}

@misc{matzutt2018thwarting,
  title={Thwarting Unwanted Blockchain Content Insertion},
  author={Matzutt, Roman and Henze, Martin and Ziegeldorf, Jan Henrik and Hiller, Jens and Wehrle, Klaus},
  year = {2018},
  note = {Accessed:2018-02-28},
  
}

@misc{atzei2018sok,
  title={SoK: unraveling Bitcoin smart contracts},
  author={Atzei, Nicola and Bartoletti, Massimo and Cimoli, Tiziana and Lande, Stefano and Zunino, Roberto},
  year={2018},
 note = {Accessed:2018-03-01},
 
}

@misc{gazi2018stake,
    author = {Peter Ga\v{z}i and Aggelos Kiayias and Alexander Russell},
    title = {Stake-Bleeding Attacks on Proof-of-Stake Blockchains},
    howpublished = {Cryptology ePrint Archive, Report 2018/248},
    year = {2018},
    note = {Accessed:2018-03-12},
    
}

@misc{wang2018limit,
    author = {Yongge Wang and Qutaibah m. Malluhi},
    title = {The Limit of Blockchains: Infeasibility of a Smart Obama-Trump Contract},
    howpublished = {Cryptology ePrint Archive, Report 2018/252},
    year = {2018},
    note = {Accessed:2018-03-12},
    
}

@misc{eskandari2018first,
Author = {Shayan Eskandari and Andreas Leoutsarakos and Troy Mursch and Jeremy Clark},
Title = {A first look at browser-based Cryptojacking},
Year = {2018},
howpublished = {arXiv:1803.02887},
    note = {Accessed:2018-03-12},

}

@misc{fernandez2018formalizing,
Author = {Antonio Fern\'{a}ndez Anta and Chryssis Georgiou and Kishori Konwar and Nicolas Nicolaou},
Title = {Formalizing and Implementing Distributed Ledger Objects},
Year = {2018},
howpublished = {arXiv:1802.07817},
    note = {Accessed:2018-03-12},

}

@misc{grishchenko2018semantic,
Author = {Ilya Grishchenko and Matteo Maffei and Clara Schneidewind},
Title = {A Semantic Framework for the Security Analysis of Ethereum smart contracts},
Year = {2018},
howpublished = {arXiv:1802.08660},
    note = {Accessed:2018-03-12},

}

@misc{bartoletti2018data,
Author = {Massimo Bartoletti and Barbara Pes and Sergio Serusi},
Title = {Data mining for detecting Bitcoin Ponzi schemes},
Year = {2018},
howpublished = {arXiv:1803.006},
    note = {Accessed:2018-03-12},

}

@misc{martens2018reviewchain,
Author = {Daniel Martens and Walid Maalej},
Title = {ReviewChain: Untampered Product Reviews on the Blockchain},
Year = {2018},
howpublished = {arXiv:1803.01661},
    note = {Accessed:2018-03-12},

}

@misc{li2018survey,
Author = {Xiaoqi Li and Peng Jiang and Ting Chen and Xiapu Luo and Qiaoyan Wen},
Title = {A Survey on the Security of Blockchain Systems},
Year = {2018},
Howpublished = {Li X, Jiang P, Chen T, Luo X, Wen Q. A survey on the security of blockchain systems, Future Generation Computer Systems (2017)},
    note = {Accessed:2018-03-12},

}


@misc{eth:transactionsize,
Title = {Cryptocurrency statistics},
Year = {2019},

}

@misc{eth:transactionsize2,
Title = {What is the size (bytes) of a simple Ethereum transaction versus a Bitcoin transaction?},
Year = {2017},

}

@misc{macbrough2018cobalt,
Author = {Ethan MacBrough},
Title = {Cobalt: BFT Governance in Open Networks},
Year = {2018},
howpublished = {arXiv:1802.07240},
    note = {Accessed:2018-03-12},

}

@misc{chase2018analysis,
Author = {Brad Chase and Ethan MacBrough},
Title = {Analysis of the XRP Ledger Consensus Protocol},
Year = {2018},
howpublished = {arXiv:1802.07242},
    note = {Accessed:2018-03-12},

}

@misc{covaci2018nectar,
Author = {Alexandra Covaci and Simone Madeo and Patrick Motylinski and St{\'e}phane Vincent},
Title = {NECTAR: Non-Interactive Smart Contract Protocol using Blockchain Technology},
Year = {2018},
howpublished = {arXiv:1803.04860},
Doi = {10.1145/3194113.3194116},

}

@misc{abraham2018hotstuff,
Author = {Ittai Abraham and Guy Gueta and Dahlia Malkhi},
Title = {Hot-Stuff the Linear, Optimal-Resilience, One-Message BFT Devil},
Year = {2018},
howpublished = {arXiv:1803.05069},

}

@misc{cohen2018database,
Author = {Sara Cohen and Aviv Zohar},
Title = {Database Perspectives on Blockchains},
Year = {2018},
howpublished = {arXiv:1803.06015},

}

@misc{hanke2018dfinity,
Author = {Time Hanke and Mahnush Movahedi and Dominic Williams},
Title = {DFINITY Technology Overview Series Consensus System},
Year = {2018},
note = {Rev. 1},

}

@article{stewart2018committing,
  title={Committing to Quantum Resistance: A Slow Defence for Bitcoin against a Fast Quantum Computing Attack},
  author={Stewart, I and Ilie, D and Zamyatin, A and Werner, S and Torshizi, MF and Knottenbelt, WJ},
  howpublished = {Cryptology ePrint Archive, Report 2018/213},
  year = {2018},
  
}

% online resources regardring blockchains 

% \usepackage{url}
% Add this to your main .tex file
% so that URLs with special chars
% are handled correclty in misc 
% entries using work arounds like
%  howhpublished= 
%  note=`


% Bitcoin

@misc{github:bitcoinsrc,
  author        = {{Bitcoin community}},
  title         = {Bitcoin-core source code},
  booktitle     = {github},
  howpublished  = {\url{https://github.com/bitcoin/bitcoin}},
  note          = {Accessed: 2015-06-30}
}

@misc{github:bitcoinbips,
  author        = {{Bitcoin community}},
  title         = {Bitcoin Improvement Proposals (BIPs)},
  booktitle     = {github},
  howpublished  = {\url{https://github.com/bitcoin/bips}},
  note          = {Accessed: 2015-06-30}
}

@misc{github:bitcoinbip32,
  author        = {{Pieter Wuille}},
  title         = {Bitcoin Improvement Proposal 32 (BIP32): Hierarchical Deterministic Wallets},
  booktitle     = {github},
  howpublished  = {\url{https://github.com/bitcoin/bips/blob/master/bip-0032.mediawiki}},
  note          = {Accessed: 2016-05-24},
  
}

@misc{online:bitcoindev,
  author        = {{Bitcoin community}},
  title         = {Bitcoin developer guide},
  organization  = {bitcoin.org},
  howpublished  = {\url{https://bitcoin.org/en/developer-documentation}},
  note          = {Accessed: 2016-03-29}
}

@misc{github:bitcoindev,
  author        = {Krzysztof Okupski},
  title         = {Bitcoin protocol specification},
  howpublished  = {\url{https://github.com/minium/Bitcoin-Spec}},
  note          = {Accessed: 2014-10-14}
}

@misc{algorand:release,
  title         = {Algorand/go-algorand},
  howpublished  = {\url{https://github.com/algorand/go-algorand/releases/tag/v2.0.14-beta}}
}

@misc{minbft:sgx,
  title         = {hyperledger-labs/minbft},
  howpublished  = {\url{https://github.com/hyperledger-labs/minbft}}
}

@misc{online:bitcoinprotocol,
  author        = {{Bitcoin community}},
  title         = {Bitcoin protocol specification},
  organization  = {bitcoin.it},
  howpublished  = {\url{https://en.bitcoin.it/wiki/Protocol_specification}},
  note          = {Accessed: 2014-10-14}
}

@misc{online:bitcoinit,
  author        = {{Bitcoin community}},
  title         = {Bitcoin wiki},
  organization  = {bitcoin.it},
  howpublished  = {\url{https://bitcoin.it/}},
  note          = {Accessed: 2015-06-30}
}

@misc{online:bitcoinitweaknesses,
  author        = {{Bitcoin community}},
  title         = {Weaknesses in Bitcoin},
  organization  = {bitcoin.it},
  howpublished  = {\url{https://en.bitcoin.it/wiki/Weaknesses}},
  note          = {Accessed: 2014-04-02}
}

@misc{online:bitcointalk,
  author        = {{Bitcoin community}},
  title         = {Bitcointalk forum},
  organization  = {bitcointalk.org},
  howpublished  = {\url{https://bitcointalk.org/}},
  note          = {Accessed: 2015-06-30}
}

@misc{online:bitcoindevarchives,
  author        = {{Bitcoin community}},
  title         = {Bitcoin-dev mailinglist},
  organization  = {linuxfoundation.org},
  howpublished  = {\url{https://lists.linuxfoundation.org/pipermail/bitcoin-dev/}},
  note          = {Accessed: 2016-06-07}
}

@misc{online:blockchaininfo,
  author        = {Blockchain.info},
  title         = {Bitcoin currency statistics},
  organization  = {Blockchain.info},
  howpublished  = {\url{http://blockchain.info/}},
  note          = {Accessed: 2015-06-30}
}

@misc{github:trezor,
  author        = {{Satoshi Labs}},
  title         = {Trezor: The Hardware Bitcoin Wallet},
  howpublished  = {\url{https://github.com/trezor}},
  note          = {Accessed: 2015-06-30},
}

@misc{github:ethereum,
  author        = {{Ethereum community}},
  title         = {Ethereum: A Secure Decentralised Generalised Transaction Ledger },
  booktitle     = {github},
  howpublished  = {\url{https://github.com/ethereum/yellowpaper}},
  note          = {Accessed: 2016-03-30}
}

@misc{online:litecoin,
  author        = {Litecoin Project},
  title         = {Litecoin},
  howpublished  = {\url{https://litecoin.org/}},
  note          = {Accessed: 2016-03-29}
}

@misc{online:litecoinblockexplorer,
  author        = {Litecoin Association},
  title         = {Litecoin Block Explorer},
  howpublished  = {\url{http://block-explorer.com/}},
  note          = {Accessed: 2016-03-29}
}

@misc{online:dogecoin,
  author        = {Dogecoin Project},
  title         = {Dogecoin Homepage},
  howpublished  = {\url{https://dogecoin.com/}},
  note          = {Accessed: 2017-01-09}
}

@misc{online:ripple,
  author        = {Ripple},
  title         = {Ripple Homepage},
  howpublished  = {\url{https://ripple.com/}},
  note          = {Accessed: 2017-01-09}
}

@misc{online:zcash,
  author        = {Zerocoin electric coin company},
  title         = {Zcash Homepage},
  howpublished  = {\url{https://z.cash/}},
  note          = {Accessed: 2017-01-09}
}

@misc{online:namecoin,
  title         = {{Namecoin}},
  howpublished  = {\url{https://namecoin.org/}}, 
  note          = {Accessed 2016-03-23}
}

@misc{github:namecoin-legacy,
  author        = {{Namecoin community}},
  title         = {Namecoin source code (legacy)},
  howpublished  = {\url{https://github.com/namecoin/namecoin-legacy}},
  note          = {Accessed: 2016-03-29}
}

@misc{github:namecoin-core,
  author        = {{Namecoin community}},
  title         = {Namecoin-core source code},
  howpublished  = {\url{https://github.com/namecoin/namecoin-core}},
  note          = {Accessed: 2016-03-29}
}

@misc{online:cryptocoincharts,
  title         = {{Crypto Coins List}},
  howpublished  = {\url{http://www.cryptocoincharts.info/coins/info}}, 
  note          = {Accessed 2014-11-14}
}

@misc{online:bitinfocharts,
  title         = {{Bitinfocharts}},
  howpublished  = {\url{https://bitinfocharts.com/}}, 
  note          = {Accessed 2015-03-23}
}

@misc{online:ecash,
  title         = {{ecash website snapshot}},
  howpublished  = {\url{https://web.archive.org/web/19971009044558/http://digicash.com/publish/ecash_intro/ecash_intro.html}}, 
  note          = {Accessed 2016-08-10}
}

@misc{online:digicashbankrupt,
  title         = {{Requiem of a Bright Idea}},
  organization  = {Forbes},
  howpublished  = {\url{http://www.forbes.com/forbes/1999/1101/6411390a.html}}, 
  note          = {Accessed 2016-08-10}
}  

@misc{online:coinmarketcap,
  title         = {{Coinmarketcap}},
  organization  = {CoinMarketCap},
  howpublished  = {\url{http://coinmarketcap.com/}}, 
  note          = {Accessed 2016-09-10}
}

@misc{szabo1994smart,
  title         = {Smart Contracts},
  author        = {Szabo, Nick},
  year          = {1994},
  howpublished  = {\url{http://szabo.best.vwh.net/smart.contracts.html}},
  note 			= {Accessed: 2016-08-22},
  
}

@misc{szabo1996smart,
  author        = {Szabo Nick},
  title         = {Smart Contracts: Building Blocks for Digital Markets},
  howpublished  = {\url{http://szabo.best.vwh.net/smart_contracts_2.html}},
  year          = {1996},
  note          = {(Accessed on 08/22/2016)},
  
}

@misc{szabo1997idea,
  title         = {The idea of smart contracts, 1 997},
  author        = {Szabo, Nick},
  year          = {1997},
  howpublished  = {\url{http://szabo.best.vwh.net/smart_contracts_idea.html}},
  note 			= {Accessed: 2016-08-22},
  
}

@misc{szabo1997formalizing,
  title         = {Formalizing and securing relationships on public networks},
  author        = {Szabo, Nick},
  journal       = {First Monday},
  year          = {1997},
  howpublished  = {\url{http://ojphi.org/ojs/index.php/fm/article/view/548/469}},
  note 			= {Accessed: 2016-08-22},
  
}

@misc{miller2003digital,
  title         = {The digital path: smart contracts and the Third World},
  author        = {Miller, Mark S and Stiegler, Marc},
  year          = {2003},
  howpublished  = {\url{http://www.erights.org/talks/pisa/paper/index.html}},
  note 			= {Accessed: 2016-08-22},
  
}

@misc{buterin2016thinking,
  author = {Buterin, Vitalik},
  title = {Thinking About Smart Contract Security - Ethereum Blog},
  howpublished = {\url{https://blog.ethereum.org/2016/06/19/thinking-smart-contract-security/}},
  month = {Jun},
  year = {2016},
  note = {(Accessed on 08/22/2016)},
  
}

@misc{reitwiessner2015formal,
  author = {Reitwiessner, Christian},
  title = {Formal Verification for Solidity Contracts — Ethereum Community Forum},
  howpublished = {\url{https://forum.ethereum.org/discussion/3779/formal-verification-for-solidity-contracts}},
  month = {Oct},
  year = {2015},
  note = {(Accessed on 08/22/2016)},
  
}

@misc{borisov2016smart,
  title={Smart TRB: An Incentive Compatible Consensus Protocol Utilizing Smart Contracts},
  author={Borisov, Nikita and Kothapalli, Abhiram and Miller, Andrew},
  year={2016},
  howpublished = {\url{http://abhiram.me/assets/documents/Smart_TRB.pdf}},
  note = { Accessed on 2016-12-11},
  
}

%peercoin
@misc{king2012ppcoin,
  title={PPCoin: Peer-to-Peer Crypto-Currency with Proof-of-Stake},
  author={King, S and Nadal, S},
  year={2012},
  month={Aug},
  howpublished={\url{https://peercoin.net/assets/paper/peercoin-paper.pdf}},
  note={Accessed: 2017-01-07},
  
}
% Peer reviewd blockchain bibliography

% < 2009 

@inproceedings{pease1980reaching,
  title={Reaching agreement in the presence of faults},
  author={Pease, Marshall and Shostak, Robert and Lamport, Leslie},
  journal={Journal of the ACM (JACM)},
  volume={27},
  number={2},
  pages={228--234},
  year={1980},
  publisher={ACM},
  
}

@inproceedings{lamport1982byzantine,
  title={The Byzantine generals problem},
  author={Lamport, Leslie and Shostak, Robert and Pease, Marshall},
  journal={ACM Transactions on Programming Languages and Systems (TOPLAS)},
  volume={4},
  number={3},
  pages={382--401},
  year={1982},
  publisher={ACM},
}

@inproceedings{dolev1982polynomial,
  title={Polynomial algorithms for multiple processor agreement},
  author={Dolev, Danny and Strong, H Raymond},
  booktitle={Proceedings of the fourteenth annual ACM symposium on Theory of computing},
  pages={401--407},
  year={1982},
  organization={ACM},
  
}

@inproceedings{fischer1982lower,
  title={A LOWER BOUND FOR THE TIME TO ASSURE INTERACTIVE CONSISTENCY},
  author={FISCHER, Michael J and LYNCH, Nancy A},
  journal={INFORMATION PROCESSING LETTERS},
  volume={14},
  number={4},
  year={1982},
  month={Jun},
  
}

@inproceedings{dolev1982efficient,
  title={An Efficient Algorithm for Byzantine Agreement without Authentication},
  author={Dolev, Danny and Fischer, Michael J and Fowler, Rob and Lynch, Nancy A and Strong, H Raymond},
  journal={Information and Control},
  volume={52},
  number={3},
  pages={257--274},
  year={1982},
  
}

@inproceedings{lamport1983weak,
  title={The weak Byzantine generals problem},
  author={Lamport, Leslie},
  journal={Journal of the ACM (JACM)},
  volume={30},
  number={3},
  pages={668--676},
  year={1983},
  publisher={ACM},
  
}

@inproceedings{fischer1983consensus,
  title={The consensus problem in unreliable distributed systems (a brief survey)},
  author={Fischer, Michael J},
  booktitle={International Conference on Fundamentals of Computation Theory},
  pages={127--140},
  year={1983},
  publisher={Springer},
  
}

@inproceedings{chaum1983blind,
  title = {Blind signatures for untraceable payments},
  author = {Chaum, David},
  booktitle = {Advances in cryptology},
  pages = {199--203},
  year = {1983},
  organization = {Springer},
  
}

@inproceedings{ben1983another,
  title={Another advantage of free choice (extended abstract): Completely asynchronous agreement protocols},
  author={Ben-Or, Michael},
  booktitle={Proceedings of the second annual ACM symposium on Principles of distributed computing},
  pages={27--30},
  year={1983},
  organization={ACM},
  
}

@inproceedings{rabin1983randomized,
  title={Randomized byzantine generals},
  author={Rabin, Michael O},
  booktitle={Foundations of Computer Science, 1983., 24th Annual Symposium on},
  pages={403--409},
  year={1983},
  organization={IEEE},
  
}

@inproceedings{dolev1983authenticated,
  title={Authenticated algorithms for Byzantine agreement},
  author={Dolev, Danny and Strong, H. Raymond},
  journal={SIAM Journal on Computing},
  volume={12},
  number={4},
  pages={656--666},
  year={1983},
  publisher={SIAM},
  
}

@inproceedings{toueg1984randomized,
  title={Randomized Asynchronous Byzantine Agreements},
  author={Toueg, Sam},
  booktitle={Proceedings of the third annual ACM symposium on Principles of distributed computing},
  pages={163--178},
  year={1984},
  publisher={ACM},
  
}

@inproceedings{lamport1984using,
  title={Using Time Instead of Timeout for Fault-Tolerant Distributed Systems.},
  author={Lamport, Leslie},
  journal={ACM Transactions on Programming Languages and Systems (TOPLAS)},
  volume={6},
  number={2},
  pages={254--280},
  year={1984},
  publisher={ACM},
  
}

@inproceedings{chaum1985security,
  title = {Security without identification: Transaction systems to make big brother obsolete},
  author = {Chaum, David},
  journal = {Communications of the ACM},
  volume = {28},
  number = {10},
  pages = {1030--1044},
  year = {1985},
  publisher = {ACM},
  
}

@inproceedings{fischer1985impossibility,
  title={Impossibility of distributed consensus with one faulty process},
  author={Fischer, Michael J and Lynch, Nancy A and Paterson, Michael S},
  journal={Journal of the ACM (JACM)},
  volume={32},
  number={2},
  pages={374--382},
  year={1985},
  publisher={ACM},
  
}

@inproceedings{bracha1985asynchronous,
  title={Asynchronous Consensus and Broadcast Protocols},
  author={Bracha, Gabriel and Toueg, Sam},
  journal={Journal of the Association for Computing Machinery},
  volume={32},
  number={4},
  pages={824--840},
  year={1985},
  publisher={Citeseer},
  
}

@inproceedings{chor1985simple,
  title={A Simple and Efficient Randomized Byzantine Agreement Algorithm},
  author={Chor, Benny and Coan, Brian A},
  journal={IEEE Transactions on Software Engineering},
  number={6},
  pages={531--539},
  year={1985},
  publisher={IEEE},
  
}

@inproceedings{dolev1986reaching,
  title={Reaching approximate agreement in the presence of faults},
  author={Dolev, Danny and Lynch, Nancy A and Pinter, Shlomit S and Stark, Eugene W and Weihl, William E},
  journal={Journal of the ACM (JACM)},
  volume={33},
  number={3},
  pages={499--516},
  year={1986},
  publisher={ACM},
  
}

@inproceedings{dolev1987minimal,
  title={On the minimal synchronism needed for distributed consensus},
  author={Dolev, Danny and Dwork, Cynthia and Stockmeyer, Larry},
  journal={Journal of the ACM (JACM)},
  volume={34},
  number={1},
  pages={77--97},
  year={1987},
  publisher={ACM},
  
}

@inproceedings{dwork1988consensus,
  title={Consensus in the presence of partial synchrony},
  author={Dwork, Cynthia and Lynch, Nancy and Stockmeyer, Larry},
  journal={Journal of the ACM (JACM)},
  volume={35},
  number={2},
  pages={288--323},
  year={1988},
  publisher={ACM},
  
}

@inproceedings{feldman1988optimal,
  title={Optimal algorithms for Byzantine agreement},
  author={Feldman, Paul and Micali, Silvio},
  booktitle={Proceedings of the twentieth annual ACM symposium on Theory of computing},
  pages={148--161},
  year={1988},
  organization={ACM},
  
}

@inproceedings{herlihy1988impossibility,
  title={Impossibility and universality results for wait-free synchronization},
  author={Herlihy, Maurice P},
  booktitle={Proceedings of the seventh annual ACM Symposium on Principles of distributed computing},
  pages={276--290},
  year={1988},
  organization={ACM},
  
}


@inproceedings{goldwasser1989knowledge,
  title={The knowledge complexity of interactive proof systems},
  author={Goldwasser, Shafi and Micali, Silvio and Rackoff, Charles},
  journal={SIAM Journal on computing},
  volume={18},
  number={1},
  pages={186--208},
  year={1989},
  publisher={SIAM},
  
}

@inproceedings{schneider1990implementing,
  title={Implementing fault-tolerant services using the state machine approach: A tutorial},
  author={Schneider, Fred B},
  journal={ACM Computing Surveys (CSUR)},
  volume={22},
  number={4},
  pages={299--319},
  year={1990},
  publisher={ACM},
  
}

@inproceedings{chaum1990untraceable,
  title         = {Untraceable electronic cash},
  author        = {Chaum, David and Fiat, Amos and Naor, Moni},
  booktitle     = {Proceedings on Advances in cryptology},
  pages         = {319--327},
  year          = {1990},
  organization  = {Springer-Verlag New York, Inc.},
  
}

@article{herlihy1991wait,
  title={Wait-free synchronization},
  author={Herlihy, Maurice},
  journal={ACM Transactions on Programming Languages and Systems (TOPLAS)},
  volume={13},
  number={1},
  pages={124--149},
  year={1991},
  publisher={ACM},
  
}


@inproceedings{dwork1992pricing,
  title={Pricing via processing or combatting junk mail},
  author={Dwork, Cynthia and Naor, Moni},
  booktitle={Annual International Cryptology Conference},
  pages={139--147},
  year={1992},
  organization={Springer},
  
}

@inproceedings{barborak1993consensus,
  title={The consensus problem in fault-tolerant computing},
  author={Barborak, Michael and Dahbura, Anton and Malek, Miroslaw},
  journal={aCM Computing Surveys (CSur)},
  volume={25},
  number={2},
  pages={171--220},
  year={1993},
  publisher={ACM},
  
}

@inproceedings{chandra1996unreliable,
  title={Unreliable failure detectors for reliable distributed systems},
  author={Chandra, Tushar Deepak and Toueg, Sam},
  journal={Journal of the ACM (JACM)},
  volume={43},
  number={2},
  pages={225--267},
  year={1996},
  publisher={ACM},
  
}

@inproceedings{law1996make,
  title={How to make a mint: the cryptography of anonymous electronic cash},
  author={Law, Laurie and Sabett, Susan and Solinas, Jerry},
  journal={Am. UL Rev.},
  volume={46},
  pages={1131},
  year={1996},
  publisher={HeinOnline},
  
}

%early double spending paper
@inproceedings{jarecki1997efficient,
  title={An efficient micropayment system based on probabilistic polling},
  author={Jarecki, Stanis{\l}aw and Odlyzko, Andrew},
  booktitle={Financial Cryptography},
  pages={173--191},
  year={1997},
  organization={Springer},
  
}

@inproceedings{lamport1998part,
  title={The part-time parliament},
  author={Lamport, Leslie},
  journal={ACM Transactions on Computer Systems (TOCS)},
  volume={16},
  number={2},
  pages={133--169},
  year={1998},
  publisher={ACM},
  
}

@inproceedings{castro1999practical,
  title={Practical Byzantine fault tolerance},
  author={Castro, Miguel and Liskov, Barbara and others},
  booktitle={OSDI},
  volume={99},
  pages={173--186},
  year={1999},
  
}
%http://lambda.csail.mit.edu/~chet/papers/others/l/liskov/castro-thesis.pdf

@inproceedings{jakobsson1999proofs,
  title={Proofs of work and bread pudding protocols},
  author={Jakobsson, Markus and Juels, Ari},
  booktitle={Secure Information Networks},
  pages={258--272},
  year={1999},
  publisher={Springer},
  
}


@inproceedings{miller2000capability,
  title={Capability-based financial instruments},
  author={Miller, Mark S and Morningstar, Chip and Frantz, Bill},
  booktitle={International Conference on Financial Cryptography},
  pages={349--378},
  year={2000},
  organization={Springer},
  
}

@inproceedings{cachin2000random,
  title={Random oracles in Constantinople: Practical Asynchronous Byzantine Agreement using Cryptography},
  author={Cachin, Christian and Kursawe, Klaus and Shoup, Victor},
  booktitle={Proceedings of the nineteenth annual ACM symposium on Principles of distributed computing},
  pages={123--132},
  year={2000},
  organization={ACM},
  
}
@article{prisco2016intel,
  title={Intel develops ‘Sawtooth Lake’distributed ledger technology for the Hyperledger project},
  author={Prisco, Giulio},
  journal={Bitcoin Magazine},
  year={2016}
}

@article{cheng2018ekiden,
  title={Ekiden: A Platform for Confidentiality-Preserving, Trustworthy, and Performant Smart Contract Execution},
  author={Cheng, Raymond and Zhang, Fan and Kos, Jernej and He, Warren and Hynes, Nicholas and Johnson, Noah and Juels, Ari and Miller, Andrew and Song, Dawn},
  journal={arXiv preprint arXiv:1804.05141},
  year={2018}
}
@inproceedings{cachin2001secure,
  title={Secure and efficient asynchronous broadcast protocols},
  author={Cachin, Christian and Kursawe, Klaus and Petzold, Frank and Shoup, Victor},
  booktitle={Annual International Cryptology Conference},
  pages={524--541},
  year={2001},
  organization={Springer},
  
}


@inproceedings{douceur2002sybil,
  title={The sybil attack},
  author={Douceur, John R},
  booktitle={International Workshop on Peer-to-Peer Systems},
  pages={251--260},
  year={2002},
  organization={Springer},
  
}

@inproceedings{gilbert2002brewer,
  title={Brewer's conjecture and the feasibility of consistent, available, partition-tolerant web services},
  author={Gilbert, Seth and Lynch, Nancy},
  journal={Acm Sigact News},
  volume={33},
  number={2},
  pages={51--59},
  year={2002},
  publisher={ACM},
  
}


@inproceedings{aspnes2003randomized,
  title={Randomized protocols for asynchronous consensus},
  author={Aspnes, James},
  journal={Distributed Computing},
  volume={16},
  number={2-3},
  pages={165--175},
  year={2003},
  publisher={Springer},
  
}

@inproceedings{baldoni2003consensus,
  title={Consensus in Byzantine asynchronous systems},
  author={Baldoni, Roberto and H{\'e}lary, Jean-Michel and Raynal, Michel and Tangui, Lenaik},
  journal={Journal of Discrete Algorithms},
  volume={1},
  number={2},
  pages={185--210},
  year={2003},
  publisher={Elsevier},
  
}

@inproceedings{malkhi2003objects,
  title={Objects shared by Byzantine processes},
  author={Malkhi, Dahlia and Merritt, Michael and Reiter, Michael K and Taubenfeld, Gadi},
  journal={Distributed Computing},
  volume={16},
  number={1},
  pages={37--48},
  year={2003},
  publisher={Springer},
  
}


@inproceedings{cavin2004consensus,
  title={Consensus with unknown participants or fundamental self-organization},
  author={Cavin, David and Sasson, Yoav and Schiper, Andr{\'e}},
  booktitle={International Conference on Ad-Hoc Networks and Wireless},
  pages={135--148},
  year={2004},
  organization={Springer},
  
}

@inproceedings{correia2004tolerate,
  title={How to tolerate half less one Byzantine nodes in practical distributed systems},
  author={Correia, Miguel and Neves, Nuno Ferreira and Verissimo, Paulo},
  booktitle={Reliable Distributed Systems, 2004. Proceedings of the 23rd IEEE International Symposium on},
  pages={174--183},
  year={2004},
  organization={IEEE},
  
}

@article{aspnes2005exposing,
  title={Exposing computationally-challenged Byzantine impostors},
  author={Aspnes, James and Jackson, Collin and Krishnamurthy, Arvind},
  journal={Department of Computer Science, Yale University, New Haven, CT, Tech. Rep},
  year={2005},
  
}

@inproceedings{aiyer2005bar,
  title={BAR fault tolerance for cooperative services},
  author={Aiyer, Amitanand S and Alvisi, Lorenzo and Clement, Allen and Dahlin, Mike and Martin, Jean-Philippe and Porth, Carl},
  booktitle={ACM SIGOPS operating systems review},
  volume={39},
  number={5},
  pages={45--58},
  year={2005},
  organization={ACM},
  
}


@inproceedings{angluin2006stabilizing,
  title={Stabilizing consensus in mobile networks},
  author={Angluin, Dana and Fischer, Michael J and Jiang, Hong},
  booktitle={Distributed Computing in Sensor Systems},
  pages={37--50},
  year={2006},
  publisher={Springer},
  
}

@article{levine2006survey,
  title={A survey of solutions to the sybil attack},
  author={Levine, Brian Neil and Shields, Clay and Margolin, N Boris},
  journal={University of Massachusetts Amherst, Amherst, MA},
  volume={7},
  year={2006},
  
}

@inproceedings{aspnes2006relationships,
  title={Relationships between broadcast and shared memory in reliable anonymous distributed systems},
  author={Aspnes, James and Fich, Faith Ellen and Ruppert, Eric},
  journal={Distributed Computing},
  volume={18},
  number={3},
  pages={209--219},
  year={2006},
  publisher={Springer},
  
}

@inproceedings{beerliova2007efficient,
  title={Efficient Byzantine agreement with faulty minority},
  author={Beerliov{\'a}-Trub{\'\i}niov{\'a}, Zuzana and Hirt, Martin and Riser, Micha},
  booktitle={Proceedings of the Advances in Crypotology 13th international conference on Theory and application of cryptology and information security},
  pages={393--409},
  year={2007},
  organization={Springer-Verlag},
  
}

@inproceedings{li2006bar,
  title={BAR gossip},
  author={Li, Harry C and Clement, Allen and Wong, Edmund L and Napper, Jeff and Roy, Indrajit and Alvisi, Lorenzo and Dahlin, Michael},
  booktitle={Proceedings of the 7th symposium on Operating systems design and implementation},
  pages={191--204},
  year={2006},
  organization={USENIX Association},

}


@inproceedings{chun2007attested,
  title={Attested append-only memory: Making adversaries stick to their word},
  author={Chun, Byung-Gon and Maniatis, Petros and Shenker, Scott and Kubiatowicz, John},
  booktitle={ACM SIGOPS Operating Systems Review},
  volume={41},
  number={6},
  pages={189--204},
  year={2007},
  organization={ACM},
  
}

@inproceedings{hoepman2007distributed,
  title={Distributed Double Spending Prevention.},
  author={Hoepman, Jaap-Henk},
  booktitle={Security Protocols Workshop},
  pages={152--165},
  year={2007},
  organization={Springer},
  
}

% 2008

@inproceedings{nagy2008openpgp,
  title={OpenPGP-Based Financial Instruments and Dispute Arbitration},
  author={Nagy, Daniel A and Shakel, Nadzeya V},
  booktitle={International Conference on Financial Cryptography and Data Security},
  pages={267--271},
  year={2008},
  organization={Springer},
  
}

@inproceedings{alchieri2008byzantine,
  title={Byzantine Consensus with Unknown Participants},
  author={Alchieri, Eduardo A and Bessani, Alysson Neves and Silva Fraga, Joni and Greve, Fab{\'\i}ola},
  booktitle={Proceedings of the 12th International Conference on Principles of Distributed Systems},
  pages={22--40},
  year={2008},
  organization={Springer-Verlag},
  
}

@inproceedings{kapron2008fast,
  title={Fast Asynchronous Byzantine Agreement and Leader Election with Full Information},
  author={Kapron, Bruce and Kempe, David and King, Valerie and Saia, Jared and Sanwalani, Vishal},
  booktitle={Proceedings of the nineteenth annual ACM-SIAM symposium on Discrete algorithms},
  pages={1038--1047},
  year={2008},
  organization={Society for Industrial and Applied Mathematics},
  
}

%Differentiation between Las Vegas and Monte Carlo randomized consensus.
@inproceedings{ishii2008vegas,
  title={Las Vegas randomized algorithms in distributed consensus problems},
  author={Ishii, Hideaki and Tempo, Roberto},
  booktitle={2008 American Control Conference},
  pages={2579--2584},
  year={2008},
  organization={IEEE},
  
}

@inproceedings{okun2008efficient,
  title={Efficient algorithms for anonymous Byzantine agreement},
  author={Okun, Michael and Barak, Amnon},
  journal={Theory of Computing Systems},
  volume={42},
  number={2},
  pages={222--238},
  year={2008},
  publisher={Springer},
  
}

% 2009

@inproceedings{clement2009making,
  title={Making Byzantine Fault Tolerant Systems Tolerate Byzantine Faults.},
  author={Clement, Allen and Wong, Edmund L and Alvisi, Lorenzo and Dahlin, Michael and Marchetti, Mirco},
  booktitle={NSDI},
  volume={9},
  pages={153--168},
  year={2009},
  
}

% published by springer DOI 10.1007/978-3-540-92221-6_5

@article{delporte2008consensus,
  title={Consensus is Easier Than Reliable Broadcast},
  author={Delporte-Gallet, Carole and Devismes, St{\'e}phane and Fauconnier, Hugues and Petit, Franck and Toueg, Sam},
  year = {2008},
  month = {Sep},
  
}

@inproceedings{chen2009security,
  title={Security notions and generic constructions for client puzzles},
  author={Chen, Liqun and Morrissey, Paul and Smart, Nigel P and Warinschi, Bogdan},
  booktitle={International Conference on the Theory and Application of Cryptology and Information Security},
  pages={505--523},
  year={2009},
  organization={Springer},
  
}

@inproceedings{singh2009zeno,
  title={Zeno: Eventually Consistent Byzantine-Fault Tolerance.},
  author={Singh, Atul and Fonseca, Pedro and Kuznetsov, Petr and Rodrigues, Rodrigo and Maniatis, Petros and others},
  booktitle={NSDI},
  volume={9},
  pages={169--184},
  year={2009},
  
}

% 2010

@inproceedings{white2010overcoming,
  title={Overcoming reputation and proof-of-work systems in botnets},
  author={White, Andrew and Tickle, Alan and Clark, Andrew},
  booktitle={Network and System Security (NSS), 2010 4th International Conference on},
  pages={120--127},
  year={2010},
  organization={IEEE},
  
}

@inproceedings{guerraoui2010next,
  title={The next 700 BFT protocols},
  author={Guerraoui, Rachid and Kne{\v{z}}evi{\'c}, Nikola and Qu{\'e}ma, Vivien and Vukoli{\'c}, Marko},
  booktitle={Proceedings of the 5th European conference on Computer systems},
  pages={363--376},
  year={2010},
  organization={ACM},
  
}

@inproceedings{abraham2010fast,
  title={Fast Asynchronous Consensus with Optimal Resilience},
  author={Abraham, Ittai and Aguilera, Marcos K and Malkhi, Dahlia},
  booktitle={International Symposium on Distributed Computing},
  pages={4--19},
  year={2010},
  organization={Springer},
  
}

@inproceedings{correia2010asynchronous,
  title={Asynchronous Byzantine consensus with 2f+ 1 processes},
  author={Correia, Miguel and Veronese, Giuliana S and Lung, Lau Cheuk},
  booktitle={Proceedings of the 2010 ACM symposium on applied computing},
  pages={475--480},
  year={2010},
  organization={ACM},
  
}

@inproceedings{delporte2010brief,
  title={Brief announcement: Byzantine agreement with homonyms},
  author={Delporte-Gallet, Carole and Fauconnier, Hugues and Guerraoui, Rachid and Kermarrec, Anne-Marie},
  booktitle={Proceedings of the twenty-second annual ACM symposium on Parallelism in algorithms and architectures},
  pages={74--75},
  year={2010},
  organization={ACM},
  
}


% 2011

@inproceedings{reid2011anonymity,
  author    = {F. Reid, M. Harrigan},
  title     = {An Analysis of Anonymity in the Bitcoin System},
  booktitle = {2011 IEEE International Conference on Privacy, Security, Risk, and Trust, and IEEE International Conference on Social Computing},
  year      = {2011},
  
}

@inproceedings{lamport2011brief,
  title={Brief announcement: leaderless byzantine paxos},
  author={Lamport, Leslie},
  booktitle={International Symposium on Distributed Computing},
  pages={141--142},
  year={2011},
  organization={Springer},
  
}

@inproceedings{stebila2011stronger,
  title={Stronger difficulty notions for client puzzles and denial-of-service-resistant protocols},
  author={Stebila, Douglas and Kuppusamy, Lakshmi and Rangasamy, Jothi and Boyd, Colin and Nieto, Juan Gonzalez},
  booktitle={Cryptographers Track at the RSA Conference},
  pages={284--301},
  year={2011},
  organization={Springer},
  
}

@inproceedings{delporte2011byzantine,
  title={Byzantine agreement with homonyms},
  author={Delporte-Gallet, Carole and Fauconnier, Hugues and Guerraoui, Rachid and Kermarrec, Anne-Marie and Ruppert, Eric and others},
  booktitle={Proceedings of the 30th annual ACM SIGACT-SIGOPS symposium on Principles of distributed computing},
  pages={21--30},
  year={2011},
  organization={ACM},
  
}

@inproceedings{correia2011byzantine,
  title={Byzantine consensus in asynchronous message-passing systems: a survey},
  author={Correia, Miguel and Veronese, Giuliana Santos and Neves, Nuno Ferreira and Verissimo, Paulo},
  journal={International Journal of Critical Computer-Based Systems},
  volume={2},
  number={2},
  pages={141--161},
  year={2011},
  publisher={Inderscience Publishers},
  
}

% 2012

@inproceedings{ron2013quantitative,
  title={Quantitative analysis of the full bitcoin transaction graph},
  author={Ron, Dorit and Shamir, Adi},
  booktitle={Financial Cryptography and Data Security},
  pages={6--24},
  year={2013},
  publisher={Springer},
  
}

%barber2012bitterbetter
@inproceedings{barber2012bitter,
  title         = {Bitter to better - how to make bitcoin a better currency},
  author        = {Barber, Simon and Boyen, Xavier and Shi, Elaine and Uzun, Ersin},
  booktitle     = {Financial cryptography and data security},
  pages         = {399--414},
  year          = {2012},
  publisher     = {Springer},
  
}

@inproceedings{babaioff2012red,
  title         = {On bitcoin and red balloons},
  author        = {Babaioff, Moshe and Dobzinski, Shahar and Oren, Sigal and Zohar, Aviv},
  booktitle     = {Proceedings of the 13th ACM conference on electronic commerce},
  pages         = {56--73},
  year          = {2012}, 
  organization  = {ACM},
  
}

@inproceedings{clark2012commitcoin,
  title={Commitcoin: Carbon dating commitments with bitcoin},
  author={Clark, Jeremy and Essex, Aleksander},
  booktitle={Financial Cryptography and Data Security},
  pages={390--398},
  year={2012},
  publisher={Springer},
  
}

@inproceedings{jaffe2012price,
  title={On the Price of Equivocation in Byzantine Agreement},
  author={Jaffe, Alexander and Moscibroda, Thomas and Sen, Siddhartha},
  booktitle={Proceedings of the 2012 ACM symposium on Principles of distributed computing},
  pages={309--318},
  year={2012},
  organization={ACM},
  
}

@inproceedings{delporte2012homonyms,
  title={Homonyms with forgeable identifiers},
  author={Delporte-Gallet, Carole and Fauconnier, Hugues and others},
  booktitle={International Colloquium on Structural Information and Communication Complexity},
  pages={171--182},
  year={2012},
  organization={Springer},
  
}

@inproceedings{groce2012byzantine,
  title={Byzantine agreement with a rational adversary},
  author={Groce, Adam and Katz, Jonathan and Thiruvengadam, Aishwarya and Zikas, Vassilis},
  journal={Automata, languages, and programming},
  pages={561--572},
  year={2012},
  publisher={Springer},
  
}


@inproceedings{becker2013can,
  title={Can we afford integrity by proof-of-work? Scenarios inspired by the Bitcoin currency},
  author={Becker, J{\"o}rg and Breuker, Dominic and Heide, Tobias and Holler, Justus and Rauer, Hans Peter and B{\"o}hme, Rainer},
  booktitle={WEIS},
  year={2012},
  publisher={Springer},
  
}

@inproceedings{veronese2013efficient,
  title={Efficient byzantine fault-tolerance},
  author={Veronese, Giuliana Santos and Correia, Miguel and Bessani, Alysson Neves and Lung, Lau Cheuk and Verissimo, Paulo},
  journal={IEEE Transactions on Computers},
  volume={62},
  number={1},
  pages={16--30},
  year={2013},
  publisher={IEEE},
  
}

@inproceedings{androulaki2012two,
  title={Two Bitcoins at the Price of One? Double-Spending Attacks on Fast Payments in Bitcoin},
  author={Androulaki, Eli and Capkun, Srdjan and Karame, Ghassan O},
  booktitle={CCS},
  year={2012},
  
}

@inproceedings{aguilera2012correctness,
  title={The correctness proof of Ben-Or's randomized consensus algorithm},
  author={Aguilera, Marcos K and Toueg, Sam},
  journal={Distributed Computing},
  volume={25},
  number={5},
  pages={371--381},
  year={2012},
  publisher={Springer},
  
}

@inproceedings{cap2012structural,
  author = {Cap, Clemens H},
  title = {A Structural Analysis of Bitcoin},
  booktitle = {Annual Meeting of the German Computer Scoiety GI. Braunschweig},
  year = {2012},
  
}

% 2013

@inproceedings{kroll2013economics,
  title={The economics of Bitcoin mining, or Bitcoin in the presence of adversaries},
  author={Kroll, Joshua A and Davey, Ian C and Felten, Edward W},
  booktitle={Proceedings of WEIS},
  volume={2013},
  pages={11},
  year={2013},
  
}

@InProceedings{christin2013traveling,
  author = "Nicolas Christin", 
  title = "Traveling the {Silk Road}: A measurement analysis of a large anonymous online marketplace",
  booktitle = "Proceedings of the {22nd World Wide Web Conference (WWW'13)}", 
  year = 2013,
  month = may,
  address = "Rio de Janeiro, Brazil",
  pages = "213--224",
  
}

@InProceedings{christin2013beware, 
  author = "Tyler Moore and Nicolas Christin",
  title = "Beware the Middleman: Empirical Analysis of {Bitcoin}-Exchange Risk",
  booktitle = "Proceedings of IFCA Financial Cryptography'13",
  month = "April",
  year = 2013, 
  address = "Okinawa, Japan",
  
}

@inproceedings{mahmoody2013publicly,
  title={Publicly verifiable proofs of sequential work},
  author={Mahmoody, Mohammad and Moran, Tal and Vadhan, Salil},
  booktitle={Proceedings of the 4th conference on Innovations in Theoretical Computer Science},
  pages={373--388},
  year={2013},
  organization={ACM},
  
}

@inproceedings{taylor2013bitcoin,
  title={Bitcoin and the age of bespoke silicon},
  author={Taylor, Michael Bedford},
  booktitle={Proceedings of the 2013 International Conference on Compilers, Architectures and Synthesis for Embedded Systems},
  pages={16},
  year={2013},
  organization={IEEE Press},
  
}

@inproceedings{miers2013zerocoin,
  author={Miers, Ian and Garman, Christina and Green, Matthew and Rubin, Aviel D},
  title={Zerocoin: Anonymous distributed e-cash from bitcoin},
  booktitle={Security and Privacy (SP), 2013 IEEE Symposium on},
  pages={397--411},
  year={2013},
  organization={IEEE},
  
}

%bamert2013snak
@inproceedings{bamert2013have,
  title={Have a snack, pay with bitcoins},
  author={Bamert, Tobias and Decker, Christian and Elsen, Lennart and Wattenhofer, Roger and Welten, Samuel},
  booktitle={Peer-to-Peer Computing (P2P), 2013 IEEE Thirteenth International Conference on},
  pages={1--5},
  year={2013},
  organization={IEEE},
  
}

%decker2013propagation
@inproceedings{decker2013information,
  title={Information propagation in the bitcoin network},
  author={Decker, Christian and Wattenhofer, Roger},
  booktitle={Peer-to-Peer Computing (P2P), 2013 IEEE Thirteenth International Conference on},
  pages={1--10},
  year={2013},
  organization={IEEE},
  
}

@inproceedings{meiklejohn2013fistful,
  title={A fistful of bitcoins: characterizing payments among men with no names},
  author={Meiklejohn, Sarah and Pomarole, Marjori and Jordan, Grant and Levchenko, Kirill and McCoy, Damon and Voelker, Geoffrey M and Savage, Stefan},
  booktitle={Proceedings of the 2013 conference on Internet measurement conference},
  pages={127--140},
  year={2013},
  organization={ACM},
  
}

@inproceedings{androulaki2013evaluating,
  title={Evaluating user privacy in bitcoin},
  author={Androulaki, Elli and Karame, Ghassan O and Roeschlin, Marc and Scherer, Tobias and Capkun, Srdjan},
  booktitle={Financial Cryptography and Data Security},
  pages={34--51},
  year={2013},
  publisher={Springer},
  
}

% 2014 

@inproceedings{ben2014zerocash,
  title={Zerocash: Decentralized anonymous payments from bitcoin},
  author={Ben Sasson, Eli and Chiesa, Alessandro and Garman, Christina and Green, Matthew and Miers, Ian and Tromer, Eran and Virza, Madars},
  booktitle={Security and Privacy (SP), 2014 IEEE Symposium on},
  pages={459--474},
  year={2014},
  organization={IEEE},
  
}

%donet2014bitcoinp2p
@inproceedings{donet2014bitcoin,
  title={The bitcoin p2p network},
  author={Donet, Joan Antoni Donet and P{\'e}rez-Sola, Cristina and Herrera-Joancomart{\'\i}, Jordi},
  booktitle={Financial Cryptography and Data Security},
  pages={87--102},
  year={2014},
  publisher={Springer},
  
}

%bonneau2014decentralizing
@inproceedings{clark2014decentralizing,
  title={On Decentralizing Prediction Markets and Order Books},
  author={Clark, Jeremy and Bonneau, Joseph and Felten, Edward W and Kroll, Joshua A and Miller, Andrew and Narayanan, Arvind},
  booktitle={WEIS},
  year={2014},
  
}

%biryukov2014deanon
@inproceedings{biryukov2014deanonymisation,
  title={Deanonymisation of clients in Bitcoin P2P network},
  author={Biryukov, Alex and Khovratovich, Dmitry and Pustogarov, Ivan},
  booktitle={Proceedings of the 2014 ACM SIGSAC Conference on Computer and Communications Security},
  pages={15--29},
  year={2014},
  organization={ACM},
  
}

@inproceedings{eyal2014majority,
  title={Majority is not enough: Bitcoin mining is vulnerable},
  author={Eyal, Ittay and Sirer, Emin G{\"u}n},
  booktitle={Financial Cryptography and Data Security},
  pages={436--454},
  year={2014},
  publisher={Springer},
  
}

@inproceedings{ruffing2014coinshuffle,
  title={CoinShuffle: Practical decentralized coin mixing for Bitcoin},
  author={Ruffing, Tim and Moreno-Sanchez, Pedro and Kate, Aniket},
  booktitle={Computer Security-ESORICS 2014},
  pages={345--364},
  year={2014},
  publisher={Springer},
  
}

@inproceedings{huang2014botcoin,
  title={Botcoin: Monetizing Stolen Cycles.},
  author={Huang, Danny Yuxing and Dharmdasani, Hitesh and Meiklejohn, Sarah and Dave, Vacha and Grier, Chris and McCoy, Damon and Savage, Stefan and Weaver, Nicholas and Snoeren, Alex C and Levchenko, Kirill},
  booktitle={NDSS},
  year={2014},
  
}

@inproceedings{mostefaoui2014signature,
  title={Signature-free asynchronous Byzantine consensus with t< n/3 and O (n 2) messages},
  author={Mostefaoui, Achour and Moumen, Hamouma and Raynal, Michel},
  booktitle={Proceedings of the 2014 ACM symposium on Principles of distributed computing},
  pages={2--9},
  year={2014},
  organization={ACM},
  
}

@inproceedings{garman2013decentralized,
  title={Decentralized Anonymous Credentials.},
  author={Garman, Christina and Green, Matthew and Miers, Ian},
  booktitle={NDSS},
  year={2014},
  
}

%biryukov2014bitcointor
@inproceedings{biryukov2015bitcoin,
  title={Bitcoin over Tor isn't a good idea},
  author={Biryukov, Alex and Pustogarov, Ivan},
  booktitle={Security and Privacy (SP), 2015 IEEE Symposium on},
  pages={122--134},
  year={2015},
  organization={IEEE},
  
}

@inproceedings{saxena2014increasing,                                     
  title            = {Increasing Anonymity in Bitcoin},                       
  Author           = {Saxena, Amitabh and Misra, Janardan and Dhar, Aritra}, 
  Booktitle        = {Financial Cryptography and Data Security},          
  Pages            = {122--139},                                              
  Publisher        = {Springer},                                          
  Year             = {2014},
  
}

@inproceedings{miller2014permacoin,
  title={Permacoin: Repurposing bitcoin work for data preservation},
  author={Miller, Andrew and Juels, Ari and Shi, Elaine and Parno, Bryan and Katz, Jonathan},
  booktitle={Security and Privacy (SP), 2014 IEEE Symposium on},
  pages={475--490},
  year={2014},
  organization={IEEE},
  
}

@inproceedings{bonneau2014fawkescoin,
  title={Fawkescoin: Bitcoin without public-key crypto},
  author={Bonneau, Joseph and Miller, Andrew},
  booktitle={Security Protocols XXII},
  pages={350--358},
  year={2014},
  publisher={Springer},
  
}

@inproceedings{bonneau2014mixcoin,
  title={Mixcoin: Anonymity for Bitcoin with accountable mixes},
  author={Bonneau, Joseph and Narayanan, Arvind and Miller, Andrew and Clark, Jeremy and Kroll, Joshua A and Felten, Edward W},
  booktitle={Financial Cryptography and Data Security},
  pages={486--504},
  year={2014},
  publisher={Springer},
  
}

@inproceedings{jansen2014onions,
  title={From onions to shallots: Rewarding Tor relays with TEARS},
  author={Jansen, Rob and Miller, Andrew and Syverson, Paul and Ford, Bryan},
  booktitle={HotPETs},
  year={2014},
  
}

@inproceedings{gervais2014privacy,
  title={On the privacy provisions of bloom filters in lightweight bitcoin clients},
  author={Gervais, Arthur and Capkun, Srdjan and Karame, Ghassan O and Gruber, Damian},
  booktitle={Proceedings of the 30th Annual Computer Security Applications Conference},
  pages={326--335},
  year={2014},
  organization={ACM},
  
}

@inproceedings{gervais2014bitcoin,
  title={Is Bitcoin a decentralized currency?},
  author={Gervais, Arthur and Karame, Ghassan and Capkun, Srdjan and Capkun, Vedran},
  journal={IEEE security \& privacy},
  volume={12},
  number={3},
  pages={54--60},
  year={2014},
  
}

@inproceedings{kumaresan2014use,
  title={How to use bitcoin to incentivize correct computations},
  author={Kumaresan, Ranjit and Bentov, Iddo},
  booktitle={Proceedings of the 2014 ACM SIGSAC Conference on Computer and Communications Security},
  pages={30--41},
  year={2014},
  organization={ACM},
  
}

@inproceedings{van2014versum,
  title={Versum: Verifiable computations over large public logs},
  author={van den Hooff, Jelle and Kaashoek, M Frans and Zeldovich, Nickolai},
  booktitle={Proceedings of the 2014 ACM SIGSAC Conference on Computer and Communications Security},
  pages={1304--1316},
  year={2014},
  organization={ACM},
  
}

@inproceedings{andrychowicz2014modeling,
  title={Modeling bitcoin contracts by timed automata},
  author={Andrychowicz, Marcin and Dziembowski, Stefan and Malinowski, Daniel and Mazurek, {\L}ukasz},
  booktitle={Formal Modeling and Analysis of Timed Systems},
  pages={7--22},
  year={2014},
  publisher={Springer},
  
}

@inproceedings{decker2014bitcoin,
  title={Bitcoin transaction malleability and MtGox},
  author={Decker, Christian and Wattenhofer, Roger},
  booktitle={Computer Security-ESORICS 2014},
  pages={313--326},
  year={2014},
  publisher={Springer},
  
}

@inproceedings{bentov2014use,
  title={How to use bitcoin to design fair protocols},
  author={Bentov, Iddo and Kumaresan, Ranjit},
  booktitle={Advances in Cryptology--CRYPTO 2014},
  pages={421--439},
  year={2014},
  publisher={Springer},
  
}

@article{ghosh2014torpath,
  title={A TorPath to TorCoin: Proofof-bandwidth altcoins for compensating relays},
  author={Ghosh, Mainak and Ford, B and Richardson, M},
  year={2014},
  booktitle={HotPETs},
  
}

@inproceedings{andrychowicz2014secure,
  title={Secure multiparty computations on bitcoin},
  author={Andrychowicz, Marcin and Dziembowski, Stefan and Malinowski, Daniel and Mazurek, Lukasz},
  booktitle={Security and Privacy (SP), 2014 IEEE Symposium on},
  pages={443--458},
  year={2014},
  organization={IEEE},
  
}

@inproceedings{ongaro2014search,
  title={In search of an understandable consensus algorithm},
  author={Ongaro, Diego and Ousterhout, John},
  booktitle={2014 USENIX Annual Technical Conference (USENIX ATC 14)},
  pages={305--319},
  year={2014},
  
}

@article{bentov2014proof,
  title={Proof of Activity: Extending Bitcoin's Proof of Work via Proof of Stake [Extended Abstract] y},
  author={Bentov, Iddo and Lee, Charles and Mizrahi, Alex and Rosenfeld, Meni},
  journal={ACM SIGMETRICS Performance Evaluation Review},
  volume={42},
  number={3},
  pages={34--37},
  year={2014},
  publisher={ACM},
  
}

@inproceedings{johnson2014game,
  title={Game-theoretic analysis of DDoS attacks against Bitcoin mining pools},
  author={Johnson, Benjamin and Laszka, Aron and Grossklags, Jens and Vasek, Marie and Moore, Tyler},
  booktitle={International Conference on Financial Cryptography and Data Security},
  pages={72--86},
  year={2014},
  organization={Springer},
  
}

@inproceedings{vasek2014empirical,
  title={Empirical analysis of denial-of-service attacks in the Bitcoin ecosystem},
  author={Vasek, Marie and Thornton, Micah and Moore, Tyler},
  booktitle={International Conference on Financial Cryptography and Data Security},
  pages={57--71},
  year={2014},
  organization={Springer},
  
}

@article{groza2014cryptographic,
  title={Cryptographic puzzles and dos resilience, revisited},
  author={Groza, Bogdan and Warinschi, Bogdan},
  journal={Designs, Codes and Cryptography},
  volume={73},
  number={1},
  pages={177--207},
  year={2014},
  publisher={Springer},
  
}

@inproceedings{courtois2014could,
  title={Could bitcoin transactions be 100x faster?},
  author={Courtois, Nicolas T and Emirdag, Pinar and Nagy, Daniel A},
  booktitle={Security and Cryptography (SECRYPT), 2014 11th International Conference on},
  pages={1--6},
  year={2014},
  organization={IEEE},
  
}

% 2015  

@article{yelowitz2015characteristics,
  title={Characteristics of Bitcoin users: an analysis of Google search data},
  author={Yelowitz, Aaron and Wilson, Matthew},
  journal={Applied Economics Letters},
  volume={22},
  number={13},
  pages={1030--1036},
  year={2015},
  publisher={Taylor \& Francis},
  
}

@inproceedings{miller2015shadow,
  title={Shadow-Bitcoin: scalable simulation via direct execution of multi-threaded applications},
  author={Miller, Andrew and Jansen, Rob},
  booktitle={8th Workshop on Cyber Security Experimentation and Test (CSET 15)},
  year={2015},
  
}

%garay2015bitcoinbackbone
@inproceedings{garay2015bitcoin,
  title={The bitcoin backbone protocol: Analysis and applications},
  author={Garay, Juan and Kiayias, Aggelos and Leonardos, Nikos},
  booktitle={Advances in Cryptology-EUROCRYPT 2015},
  pages={281--310},
  year={2015},
  publisher={Springer},
  
}

@inproceedings{lewenberg2015inclusive,
  title={Inclusive block chain protocols},
  author={Lewenberg, Yoad and Sompolinsky, Yonatan and Zohar, Aviv},
  booktitle={Financial Cryptography and Data Security},
  pages={528--547},
  year={2015},
  publisher={Springer},
  
}

%bonneau2015bitcoinsok
@inproceedings{bonneau2015research,
  title         = {SoK: Research Perspectives and Challenges for Bitcoin and Cryptocurrencies},
  author        = {Bonneau, Joseph and Miller, Andrew and Clark, Jeremy and Narayanan, Arvind and Kroll, Joshua A and Felten, Edward W},
  booktitle     = {IEEE Symposium on Security and Privacy},
  year          = {2015},
  
}

%tschorsch2015beyond
@inproceedings{tschorsch2015bitcoin, 
  title={Bitcoin and Beyond: A Technical Survey on Decentralized Digital Currencies}, 
  author={Tschorsch, Florian and Scheuermann, Bj{\"o}rn},
  booktitle={IEEE Communications Surveys Tutorials}, 
  year={2016}, 
  volume={PP}, 
  number={99}, 
  pages={1-1}, 
  keywords={Contracts;Cryptography;Internet;Online banking;Protocols;Space exploration;Tutorials}, 
  doi={10.1109/COMST.2016.2535718}, 
  ISSN={1553-877X}, 
  
}

%mann2014twofactor
@inproceedings{mann2015two,
  title={Two-factor authentication for the Bitcoin protocol},
  author={Mann, Christopher and Loebenberger, Daniel},
  booktitle={Security and Trust Management},
  pages={155--171},
  year={2015},
  publisher={Springer},
  
}

@inproceedings{melara2015keytransparency,
  author = {Marcela S. Melara and Aaron Blankstein and Joseph Bonneau and Edward W. Felten and Michael J. Freedman},
  title = {Bringing Deployable Key Transparency to End Users},
  booktitle = {24th USENIX Security Symposium (USENIX Security 15)},
  year = {2015},
  month = {Aug},
  address = {Washington, D.C.},
  publisher = {USENIX Association},
  
}

@inproceedings{kalodner2015namecoinempirical,
  title = {An empirical study of Namecoin and lessons for decentralized namespace design},
  author = {Harry Kalodner and Miles Carlsten and Paul Ellenbogen and Joseph Bonneau and Arvind Narayanan},
  year = {2015},
  booktitle = {WEIS},
  
}

@inproceedings{eskandari2015usability,
  title = {A first look at the usability of bitcoin key management},
  author = {Eskandari, Shayan and Barrera, David and Stobert, Elizabeth and Clark, Jeremy},
  booktitle = {Workshop on Usable Security (USEC)},
  year = {2015},
  
}

@inproceedings{zyskind2015decentralizing,
  title={Decentralizing Privacy: Using Blockchain to Protect Personal Data},
  author={Zyskind, Guy and Nathan, Oz and Pentland, Alex'Sandy'},
  booktitle={Security and Privacy Workshops (SPW), 2015 IEEE},
  pages={180--184},
  year={2015},
  organization={IEEE},
  
}

%mcreynolds2015techpolicy
@inproceedings{mcreynolds2015cryptographic,
  title={Cryptographic Currencies from a Tech-Policy Perspective: Policy Issues and Technical Directions},
  author={McReynolds, Emily and Lerner, Adam and Scott, Will and Roesner, Franziska and Kohno, Tadayoshi},
  booktitle={Financial Cryptography and Data Security},
  pages={94--111},
  year={2015},
  publisher={Springer},
  
}

@inproceedings{ali2015zombiecoin,
  title={ZombieCoin: powering next-generation botnets with bitcoin},
  author={Ali, Syed Taha and McCorry, Patrick and Lee, Peter Hyun-Jeen and Hao, Feng},
  booktitle={Financial Cryptography and Data Security},
  pages={34--48},
  year={2015},
  publisher={Springer},
  
}

@inproceedings{karame2015misbehavior,
  title={Misbehavior in Bitcoin: A Study of Double-Spending and Accountability},
  author={Karame, Ghassan O and Androulaki, Elli and Roeschlin, Marc and Gervais, Arthur and {\v{C}}apkun, Srdjan},
  journal={ACM Transactions on Information and System Security (TISSEC)},
  volume={18},
  number={1},
  pages={2},
  year={2015},
  publisher={ACM},
  
}

@inproceedings{dagher2015provisions,
  title={Provisions: Privacy-preserving proofs of solvency for Bitcoin exchanges},
  author={Dagher, Gaby G and B{\"u}nz, Benedikt and Bonneau, Joseph and Clark, Jeremy and Boneh, Dan},
  booktitle={Proceedings of the 22nd ACM SIGSAC Conference on Computer and Communications Security},
  pages={720--731},
  year={2015},
  organization={ACM},
  
}

@inproceedings{ruffing2015liar,
  title={Liar, Liar, Coins on Fire!: Penalizing Equivocation By Loss of Bitcoins},
  author={Ruffing, Tim and Kate, Aniket and Schr{\"o}der, Dominique},
  booktitle={Proceedings of the 22nd ACM SIGSAC Conference on Computer and Communications Security},
  pages={219--230},
  year={2015},
  organization={ACM},
  
}

@inproceedings{kumaresan2015poker,
  title={How to Use Bitcoin to Play Decentralized Poker},
  author={Kumaresan, Ranjit and Moran, Tal and Bentov, Iddo},
  booktitle={Proceedings of the 22nd ACM SIGSAC Conference on Computer and Communications Security},
  pages={195--206},
  year={2015},
  organization={ACM},
  
}

@inproceedings{pass2015micropayments,
  title={Micropayments for Decentralized Currencies},
  author={Pass, Rafael and others},
  booktitle={Proceedings of the 22nd ACM SIGSAC Conference on Computer and Communications Security},
  pages={207--218},
  year={2015},
  organization={ACM},
  
}

@inproceedings{miller2015nonoutsourceable,
  title={Nonoutsourceable Scratch-Off Puzzles to Discourage Bitcoin Mining Coalitions},
  author={Miller, Andrew and Kosba, Ahmed and Katz, Jonathan and Shi, Elaine},
  booktitle={Proceedings of the 22nd ACM SIGSAC Conference on Computer and Communications Security},
  pages={680--691},
  year={2015},
  organization={ACM},
  
}

@inproceedings{gervais2015tampering,
  title={Tampering with the Delivery of Blocks and Transactions in Bitcoin},
  author={Gervais, Arthur and Ritzdorf, Hubert and Karame, Ghassan O and Capkun, Srdjan},
  booktitle={Proceedings of the 22nd ACM SIGSAC Conference on Computer and Communications Security},
  pages={692--705},
  year={2015},
  organization={ACM},
  
}

%decker2015transparent
@inproceedings{decker2015making,
  title={Making Bitcoin Exchanges Transparent},
  author={Decker, Christian and Guthrie, James and Seidel, Jochen and Wattenhofer, Roger},
  booktitle={Computer Security--ESORICS 2015},
  pages={561--576},
  year={2015},
  publisher={Springer},
  
}

@inproceedings{andrychowicz2015pow,
  title={PoW-Based Distributed Cryptography with No Trusted Setup},
  author={Andrychowicz, Marcin and Dziembowski, Stefan},
  booktitle={Advances in Cryptology--CRYPTO 2015},
  pages={379--399},
  year={2015},
  publisher={Springer},
  
}

@inproceedings{zohar2015bitcoin,
  title={Bitcoin: under the hood},
  author={Zohar, Aviv},
  journal={Communications of the ACM},
  volume={58},
  number={9},
  pages={104--113},
  year={2015},
  publisher={ACM},
  
}

@inproceedings{gutoski2015hierarchical,
  title={Hierarchical deterministic Bitcoin wallets that tolerate key leakage (short paper)},
  author={Gutoski, Gus and Stebila, Douglas},
  booktitle={Proceedings of the 19th International Conference on Financial Cryptography and Data Security (FC 2015)},
  year={2015},
  organization={Springer},
  
}

@inproceedings{wilson2015pretty,
  title={From Pretty Good to Great: Enhancing PGP Using Bitcoin and the Blockchain},
  author={Wilson, Duane and Ateniese, Giuseppe},
  booktitle={Network and System Security},
  pages={368--375},
  year={2015},
  publisher={Springer},
  
}

@inproceedings{soska2015measuring,
  title={Measuring the longitudinal evolution of the online anonymous marketplace ecosystem},
  author={Soska, Kyle and Christin, Nicolas},
  booktitle={24th USENIX Security Symposium (USENIX Security 15)},
  pages={33--48},
  year={2015},
  
}

@inproceedings{heilman2015eclipse,
  title={Eclipse Attacks on Bitcoin's Peer-to-Peer Network},
  author={Heilman, Ethan and Kendler, Alison and Zohar, Aviv and Goldberg, Sharon},
  booktitle={24th USENIX Security Symposium (USENIX Security 15)},
  pages={129--144},
  year={2015},
  
}

@inproceedings{eyal2015miner,
  title={The miner's dilemma},
  author={Eyal, Ittay},
  booktitle={Security and Privacy (SP), 2015 IEEE Symposium on},
  pages={89--103},
  year={2015},
  organization={IEEE},
  
}

@inproceedings{vasek2015there,
  title={There's No Free Lunch, Even Using Bitcoin: Tracking the Popularity and Profits of Virtual Currency Scams},
  author={Vasek, Marie and Moore, Tyler},
  booktitle={Financial Cryptography and Data Security},
  pages={44--61},
  year={2015},
  publisher={Springer},
  
}

@inproceedings{sompolinsky2015secure,
  title={Secure high-rate transaction processing in Bitcoin},
  author={Sompolinsky, Yonatan and Zohar, Aviv},
  booktitle={Financial Cryptography and Data Security},
  pages={507--527},
  year={2015},
  publisher={Springer},
  
}

@inproceedings{lewenberg2015bitcoin,
  title={Bitcoin mining pools: A cooperative game theoretic analysis},
  author={Lewenberg, Yoad and Bachrach, Yoram and Sompolinsky, Yonatan and Zohar, Aviv and Rosenschein, Jeffrey S},
  booktitle={Proceedings of the 2015 International Conference on Autonomous Agents and Multiagent Systems},
  pages={919--927},
  year={2015},
  organization={International Foundation for Autonomous Agents and Multiagent Systems},
  
}

@inproceedings{vukolic2015quest,
  title={The quest for scalable blockchain fabric: Proof-of-work vs. BFT replication},
  author={Vukoli{\'c}, Marko},
  booktitle={International Workshop on Open Problems in Network Security},
  pages={112--125},
  year={2015},
  organization={Springer},
  
}

@inproceedings{luu2015demystifying,
  title={Demystifying incentives in the consensus computer},
  author={Luu, Loi and Teutsch, Jason and Kulkarni, Raghav and Saxena, Prateek},
  booktitle={Proceedings of the 22nd ACM SIGSAC Conference on Computer and Communications Security},
  pages={706--719},
  year={2015},
  organization={ACM},
  
}

@article{jimenez2015eventual,
  title={Eventual election of multiple leaders for solving consensus in anonymous systems},
  author={Jim{\'e}nez, Ernesto and Ar{\'e}valo, Sergio and Herrera, Carlos and Tang, Jian},
  journal={The Journal of Supercomputing},
  volume={71},
  number={10},
  pages={3726--3743},
  year={2015},
  publisher={Springer},
  
}

@article{arevalo2015failure,
  title={Failure detectors in homonymous distributed systems (with an application to consensus)},
  author={Ar{\'e}valo, Sergio and Anta, Antonio Fern{\'a}ndez and Imbs, Damien and Jim{\'e}nez, Ernesto and Raynal, Michel},
  journal={Journal of Parallel and Distributed Computing},
  volume={83},
  pages={83--95},
  year={2015},
  publisher={Elsevier}, 
  
}

@article{herrera2015research,
  title={Research and challenges on bitcoin anonymity},
  author={Herrera-Joancomart{\'\i}, Jordi},
  booktitle={Data Privacy Management, Autonomous Spontaneous Security, and Security Assurance},
  pages={3--16},
  year={2015},
  publisher={Springer},
  
}

@inproceedings{moser2015trends,
  title={Trends, tips, tolls: A longitudinal study of Bitcoin transaction fees},
  author={M{\"o}ser, Malte and B{\"o}hme, Rainer},
  booktitle={International Conference on Financial Cryptography and Data Security},
  pages={19--33},
  year={2015},
  organization={Springer},
  
}


% 2016  

@inproceedings{danezis2015centrally,
  title={Centrally Banked Cryptocurrencies},
  author={Danezis, George and Meiklejohn, Sarah},
  booktitle={Network and Distributed System Security},
  publisher={The Internet Society},
  year={2016},
  
}

@inproceedings{bonneau2016buy,
	title={Why buy when you can rent? Bribery attacks on Bitcoin consensus},
	booktitle="BITCOIN '16: Proceedings of the 3rd Workshop on Bitcoin and Blockchain Research",
	author="Joseph Bonneau",
	month="February",
	year="2016",
    
}

@inproceedings{krombholz2016other, 
  Author = {Katharina Krombholz and Aljosha Judmayer and Matthias Gusenbauer and {Edgar R.} Weippl}, 
  title = {The Other Side of the Coin: User Experiences with Bitcoin Security and Privacy}, 
  booktitle = {International Conference on Financial Cryptography and Data Security (FC)}, 
  year = {2016}, 
  month = {2},
  
}

@inproceedings{kosba2016hawk,
  title={Hawk: The blockchain model of cryptography and privacy-preserving smart contracts},
  author={Kosba, Ahmed and Miller, Andrew and Shi, Elaine and Wen, Zikai and Papamanthou, Charalampos},
  booktitle={Symposium on Security \& Privacy},
  publisher={IEEE},
  year={2016},
  
}

@inproceedings{croman2016scaling,
  title={On Scaling Decentralized Blockchains},
  author={Croman, Kyle and Decker, Christian and Eyal, Ittay and Gencer, Adem Efe and Juels, Ari and Kosba, Ahmed and Miller, Andrew and Saxena, Prateek and Shi, Elaine and G{\"u}n, Emin},
  booktitle={3rd Workshop on Bitcoin and Blockchain Research, Financial Cryptography 16},
  year={2016},
  
}

@inproceedings{bonneau2016ethiks,
  title={EthIKS: Using Ethereum to audit a CONIKS key transparency log},
  author={Bonneau, Joseph},
  booktitle={3rd Workshop on Bitcoin and Blockchain Research, Financial Cryptography 16},
  year={2016},
  
}

@inproceedings{vasek2016bitcoin,
  title={The Bitcoin Brain Drain: Examining the Use and Abuse of Bitcoin Brain Wallets},
  author={Marie Vasek and Joseph Bonneau and Ryan Castellucci and Cameron Keith and Tyler Moore},
  booktitle={FC '16: Proceedings of the the 20th International Conference on Financial Cryptography},
  month={February},
  year={2016},
  
}

@inproceedings{moeser2016bitcoin,
  title={Bitcoin Covenants},
  author={M{\"o}ser, Malte and Eyal, Ittay and Sirer, Emin G{\"u}n},
  booktitle={FC '16: Proceedings of the the 20th International Conference on Financial Cryptography},
  month={February},
  year={2016},
  
}

@inproceedings{schrijvers2016incentive,
	title={Incentive Compatibility of Bitcoin Mining Pool Reward Functions},
	author={Okke Schrijvers and Joseph Bonneau and Dan Boneh and Tim Roughgarden},
	booktitle={FC '16: Proceedings of the the 20th International Conference on Financial Cryptography},
	month={February},
	year={2016},
	
}

@inproceedings{nayak2015stubborn,
  title={Stubborn mining: Generalizing selfish mining and combining with an eclipse attack},
  author={Nayak, Kartik and Kumar, Srijan and Miller, Andrew and Shi, Elaine},
  booktitle={1st IEEE European Symposium on Security and Privacy, 2016},
  year={2016},
  publisher={IEEE},
  
}

@inproceedings{eyal2016bitcoinng,
  author = {Eyal, Ittay and Gencer, Adem Efe and Sirer, Emin Gun and van Renesse, Robbert},
  title = {Bitcoin-NG: A Scalable Blockchain Protocol},
  booktitle = {13th USENIX Security Symposium on Networked Systems Design and Implementation (NSDI'16)},
  year = {2016},
  month = {Mar},
  publisher = {USENIX Association},
  
}

@inproceedings {kokoris2016enhancing,
  author = {Eleftherios Kokoris Kogias and Philipp Jovanovic and Nicolas Gailly and Ismail Khoffi and Linus Gasser and Bryan Ford},
  title = {Enhancing Bitcoin Security and Performance with Strong Consistency via Collective Signing},
  booktitle = {25th USENIX Security Symposium (USENIX Security 16)},
  year = {2016},
  month = Aug,
  address = {Austin, TX},
  
  publisher = {USENIX Association},
}

@inproceedings{kraft2016difficulty,
  title={Difficulty Control for Blockchain-Based Consensus Systems},
  author={Kraft, Daniel},
  booktitle ={Peer-to-Peer Networking and Applications},
  volume={9},
  number={2},
  pages={397--413},
  year={2016},
  doi={10.1007/s12083-015-0347-x},
  
}

@inproceedings{luu2016making,
  title={Making Smart Contracts Smarter},
  author={Luu, Loi and Chu, Duc-Hiep and Olickel, Hrishi and Saxena, Prateek and Hobor, Aquinas},
  booktitle = {23rd ACM Conference on Computer and Communications Security (ACM CCS 2016)},
  year={2016},
  month= {Oct},
  
}

@inproceedings{idelberger2016evaluation,
  title={Evaluation of Logic-Based Smart Contracts for Blockchain Systems},
  author={Idelberger, Florian and Governatori, Guido and Riveret, R{\'e}gis and Sartor, Giovanni},
  booktitle={International Symposium on Rules and Rule Markup Languages for the Semantic Web},
  pages={167--183},
  year={2016},
  organization={Springer},
  
}

@inproceedings{kiayias2016fair,
  title={Fair and robust multi-party computation using a global transaction ledger},
  author={Kiayias, Aggelos and Zhou, Hong-Sheng and Zikas, Vassilis},
  booktitle={Annual International Conference on the Theory and Applications of Cryptographic Techniques},
  pages={705--734},
  year={2016},
  organization={Springer},
  
}

@inproceedings{marino2016setting,
  title={Setting Standards for Altering and Undoing Smart Contracts},
  author={Marino, Bill and Juels, Ari},
  booktitle={International Symposium on Rules and Rule Markup Languages for the Semantic Web},
  pages={151--166},
  year={2016},
  organization={Springer},
  
}


@inproceedings{rasmussen2016bitcoin,
  title = {On Bitcoin Security in the Presence of Broken Cryptographic Primitives},
  author = {Giechaskiel, Ilias and Cremers, Cas and Rasmussen, Kasper B.},
  year = {2016},
  booktitle = {European Symposium on Research in Computer Security ({ESORICS})},
  month = {September},
  
}

@inproceedings{tseng2016recent,
  title={Recent results on fault-tolerant consensus in message-passing networks},
  author={Tseng, Lewis},
  booktitle={International Colloquium on Structural Information and Communication Complexity},
  pages={92--108},
  year={2016},
  organization={Springer},
  
}

@inproceedings{zhang2016secure,
  title={A Secure System For Pervasive Social Network-based Healthcare},
  author={Zhang, Jie and Xue, Nian and Huang, Xin},
  booktitle={IEEE Access},
  year={2016},
  month={Dec},
  organization={IEEE},
  
}

@inproceedings{abeyratne2016blockchain,
  title={Blockchain ready manufacturing supply chain using distributed ledger},
  author={Abeyratne, Saveen A. and Monfared, Radmehr P.},
  volume={5},
  number={09},
  pages={1--10},
  year={2016},
  publisher={eSAT},
  
}

@inproceedings{anceaume2016safety,
  title={Safety analysis of Bitcoin improvement proposals},
  author={Anceaume, Emmanuelle and Lajoie-Mazenc, Thibaut and Ludinard, Romaric and Sericola, Bruno},
  booktitle={Network Computing and Applications (NCA), 2016 IEEE 15th International Symposium on},
  pages={318--325},
  year={2016},
  organization={IEEE},
  
}

@inproceedings{teutsch2016cryptocurrencies,
  title={When cryptocurrencies mine their own business},
  author={Teutsch, Jason and Jain, Sanjay and Saxena, Prateek},
  booktitle={Financial Cryptography and Data Security (FC 2016)},
  year={2016},
  month={Feb},
  
}

@inproceedings{luu2016secure,
  title={A secure sharding protocol for open blockchains},
  author={Luu, Loi and Narayanan, Viswesh and Zheng, Chaodong and Baweja, Kunal and Gilbert, Seth and Saxena, Prateek},
  booktitle={Proceedings of the 2016 ACM SIGSAC Conference on Computer and Communications Security},
  pages={17--30},
  year={2016},
  organization={ACM},
  
}

@inproceedings{bouzid2016anonymity,
  title={Anonymity-Preserving Failure Detectors},
  author={Bouzid, Zohir and Travers, Corentin},
  booktitle={International Symposium on Distributed Computing},
  pages={173--186},
  year={2016},
  organization={Springer},
  
}

@inproceedings{peters2016understanding,
  title={Understanding Modern Banking Ledgers through Blockchain Technologies: Future of Transaction Processing and Smart Contracts on the Internet of Money},
  author={Peters, Gareth W and Panayi, Efstathios},
  booktitle={Banking Beyond Banks and Money},
  pages={239--278},
  year={2016},
  publisher={Springer},
  
}

@phdthesis{gupta2016non,
  title={A Non-Consensus Based Decentralized Financial Transaction Processing Model with Support for Efficient Auditing},
  author={Gupta, Saurabh},
  year={2016},
  school={Arizona State University},
  
}

@inproceedings{milutinovic2016proof,
 author = {Milutinovic, Mitar and He, Warren and Wu, Howard and Kanwal, Maxinder},
 title = {Proof of Luck: An Efficient Blockchain Consensus Protocol},
 booktitle = {SysTEX '16 Proceedings of the 1st Workshop on System Software for Trusted Execution},
 year = {2016},
 location = {Trento, Italy},
 pages = {2:1--2:6},
 publisher = {ACM},
 
} 


@phdthesis{oja2016calculating,
  title={Calculating the return on security investment of recording X-Road and Estonian electronic identity software into blockchain},
  author={Oja, Rauno and others},
  year={2016},
  school={Tartu {\"U}likool},
  
}

@inproceedings{yli2016current,
  title={Where Is Current Research on Blockchain Technology? -- A Systematic Review},
  author={Yli-Huumo, Jesse and Ko, Deokyoon and Choi, Sujin and Park, Sooyong and Smolander, Kari},
  journal={PloS one},
  volume={11},
  number={10},
  pages={e0163477},
  year={2016},
  publisher={Public Library of Science},
  
}

@inproceedings{burdges2016enabling,
  title={Enabling Secure Web Payments with GNU Taler},
  author={Burdges, Jeffrey and Dold, Florian and Grothoff, Christian and Stanisci, Marcello},
  booktitle={International Conference on Security, Privacy, and Applied Cryptography Engineering},
  pages={251--270},
  year={2016},
  organization={Springer},
  
}

@inproceedings{zhang2016town,
  title={Town Crier: An Authenticated Data Feed for Smart Contracts},
  author={Zhang, Fan and Cecchetti, Ethan and Croman, Kyle and Juels, Ari and Shi, Elaine},
  booktitle={Proceedings of the 2016 ACM SIGSAC Conference on Computer and Communications Security},
  pages={270--282},
  year={2016},
  organization={ACM},
  
} 
 @inproceedings{carlsten2016instability,
  title={On the instability of bitcoin without the block reward},
  author={Carlsten, Miles and Kalodner, Harry and Weinberg, S Matthew and Narayanan, Arvind},
  booktitle={Proceedings of the 2016 ACM SIGSAC Conference on Computer and Communications Security},
  pages={154--167},
  year={2016},
  organization={ACM}

}

@inproceedings{natoli2016blockchain,
  title={The blockchain anomaly},
  author={Natoli, Christopher and Gramoli, Vincent},
  booktitle={Network Computing and Applications (NCA), 2016 IEEE 15th International Symposium on},
  pages={310--317},
  year={2016},
  organization={IEEE},
  
}

% 2017

@inproceedings{ohara2017smart,
  title={Smart Contracts-Dumb Idea},
  author={O'Hara, Kieron},
  booktitle={IEEE Internet Computing},
  volume={21},
  number={2},
  pages={97--101},
  year={2017},
  publisher={IEEE},
  
}

@inproceedings{levy2017book,
  title={Book-Smart, Not Street-Smart: Blockchain-Based Smart Contracts and The Social Workings of Law},
  author={Levy, Karen EC},
  booktitle={Engaging Science, Technology, and Society},
  volume={3},
  pages={1--15},
  year={2017},
  
}

@inproceedings{ruffing2017p2p,
	author = {Ruffing, Tim and Moreno-Sanchez, Pedro and Kate, Aniket},
	booktitle = {NDSS'17},
	title = {P2P Mixing and Unlinkable Bitcoin Transactions},
	year = {2017},
        
}

@phdthesis{stoffers2017trustworthy,
  title={Trustworthy Provenance Recording using a blockchain-like database},
  author={Stoffers, Martin},
  year={2017},
  school={Leipzig University},
  
}

@inproceedings{dorri2017blockchain,
  title={Blockchain for IoT security and privacy: The case study of a smart home},
  author={Dorri, Ali and Kanhere, Salil S and Jurdak, Raja and Gauravaram, Praveen},
  booktitle={Pervasive Computing and Communications Workshops (PerCom Workshops), 2017 IEEE International Conference on},
  pages={618--623},
  year={2017},
  organization={IEEE},
  
}

@inproceedings{gaetani2017blockchain,
  title={Blockchain-based database to ensure data integrity in cloud computing environments},
  author={Gaetani, Edoardo and Aniello, Leonardo and Baldoni, Roberto and Lombardi, Federico and Margheri, Andrea and Sassone, Vladimiro},
  journal={ITA-SEC. CEUR-WS. org, To Appear},
  year={2017},
  
}

@inproceedings{sikorski2017blockchain,
  title={Blockchain technology in the chemical industry: machine-to-machine electricity market},
  author={Sikorski, Janusz J and Haughton, Joy and Kraft, Markus},
  booktitle={Applied Energy},
  volume={195},
  pages={234--246},
  year={2017},
  publisher={Elsevier},
  
}

@inproceedings{verma2017blockchain,
  title={A blockchain based architecture for asset management in coalition operations},
  author={Verma, Dinesh and Desai, Nirmit and Preece, Alun and Taylor, Ian},
  booktitle={SPIE Defense+ Security},
  pages={101900Y--101900Y},
  year={2017},
  organization={International Society for Optics and Photonics},
  
}

@inproceedings{crain2017blockchain,
  title={Blockchain Consensus},
  author={Crain, Tyler and Gramoli, Vincent and Larrea, Mikel and Raynal, Michel},
  booktitle={ALGOTEL 2017-19{\`e}mes Rencontres Francophones sur les Aspects Algorithmiques des T{\'e}l{\'e}communications},
  year={2017},
  
}

@inproceedings{liang2017provchain,
  title={ProvChain: A Blockchain-based Data Provenance Architecture in Cloud Environment with Enhanced Privacy and Availability},
  author={Liang, Xueping and Shetty, Sachin and Tosh, Deepak and Kamhoua, Charles and Kwiat, Kevin and Njilla, Laurent},
  booktitle={International Symposium on Cluster, Cloud and Grid Computing, IEEE/ACM},
  year={2017},
  
}

@inproceedings{lindman2017opportunities,
  title={Opportunities and Risks of Blockchain Technologies--A Research Agenda},
  author={Lindman, Juho and Tuunainen, Virpi Kristiina and Rossi, Matti},
  booktitle={Proceedings of the 50th Hawaii International Conference on System Sciences},
  year={2017},
  
}

@inproceedings{kothapalli2017smartcast,
  title={SmartCast: An Incentive Compatible Consensus Protocol Using Smart Contracts},
  author={Kothapalli, Abhiram and Miller, Andrew and Borisov, Nikita},
  booktitle={Financial Cryptography and Data Security},
  year={2017},
  month={Apr},
  
}

@inproceedings{gipp2017cryptsubmit,
  title={CryptSubmit: Introducing Securely Timestamped Manuscript Submission and Peer Review Feedback using the Blockchain},
  author={Gipp, Bela and Breitinger, Corinna and Meuschke, Norman and Beel, Joeran},
  booktitle={JVDL},
  year={2017},
  
}

@inproceedings{zhang2017publish,
  title={Publish or Perish: A Backward-Compatible Defense against Selfish Mining in Bitcoin},
  author={Zhang, Ren and Preneel, Bart},
  booktitle={Cryptographers' Track at the RSA Conference},
  pages={277--292},
  year={2017},
  organization={Springer},
  
}

@inproceedings{rohrer17paymentchannels,
Title = {Towards a Concurrent and Distributed Route Selection for Payment Channel Networks},
Author = {Elias Rohrer and Jann-Frederik La{\ss} and Florian Tschorsch},
    booktitle = {CBT'17: Proceedings of the International Workshop on Cryptocurrencies and Blockchain Technology},
    year = {2017},
    month = {Sep},
    
}

@inproceedings{judmayer2017merged,
    author = {Aljosha Judmayer and Alexei Zamyatin and Nicholas Stifter and Artemios G. Voyiatzis and Edgar Weippl},
    title = {Merged Mining: Curse or Cure?},
    booktitle = {CBT'17: Proceedings of the International Workshop on Cryptocurrencies and Blockchain Technology},
    year = {2017},
    month = {Sep},
    
}

@inproceedings{mccorry2017atomically,
  title={Atomically Trading with Roger: Gambling on the success of a hardfork},
  author={McCorry, Patrick and Heilman, Ethan and Miller, Andrew},
  booktitle = {CBT'17: Proceedings of the International Workshop on Cryptocurrencies and Blockchain Technology},
  year={2017},
  month = {Sep},
  
}

@inproceedings{halpern2017knowledge,
Author = {Joseph Y. Halpern and Rafael Pass},
Title = {A Knowledge-Based Analysis of the Blockchain Protocol},
Year = {2017},
booktitle = {Proceedings Sixteenth Conference on Theoretical Aspects of Rationality and Knowledge, {TARK} 2017, Liverpool, UK, 24-26 July 2017.},
pages     = {324--335},

}

@inproceedings{grumbach2017distributed,
Author = {St{\' e}phane Grumbach and Robert Riemann},
Title = {Distributed Random Process for a Large-Scale Peer-to-Peer Lottery},
Year = {2017},
month = {Sep},
booktitle = { Proc. of 17th IFIP Distributed
  Applications and Interoperable Systems, Jun 2017, Neuch{\^a}tel, Switzerland.
  Springer, 10320, pp.34-48, 2017, LNCS - Lecture Notes in Computer Science},

}

@inproceedings{eberhardt2017on,
  title={On or Off the Blockchain? Insights on Off-Chaining Computation and Data},
  author={Eberhardt, Jacob and Tai, Stefan},
  booktitle={European Conference on Service-Oriented and Cloud Computing},
  pages={3--15},
  year={2017},
  organization={Springer},

}

@inproceedings{troncoso2017systematizing,
  title={Systematizing Decentralization and Privacy: Lessons from 15 years of research and deployments},
  author={Troncoso, Carmela and Danezis, George and Isaakidis, Marios and Halpin, Harry},
  booktitle={Proceedings on Privacy Enhancing Technologies},
  year={2017},
  pages={307--329},
  
}

@inproceedings{moreno2017pathshuffle,
  title={PathShuffle: Credit Mixing and Anonymous Payments for Ripple},
  author={Moreno-Sanchez, Pedro and Ruffing, Tim and Kate, Aniket},
  journal={Proceedings on Privacy Enhancing Technologies},
  volume={1},
  pages={20},
  year={2017},
  
}

@inproceedings{xu2017taxonomy,
  title={A Taxonomy of Blockchain-Based Systems for Architecture Design},
  author={Xu, Xiwei and Weber, Ingo and Staples, Mark and Zhu, Liming and Bosch, Jan and Bass, Len and Pautasso, Cesare and Rimba, Paul},
  booktitle={Software Architecture (ICSA), 2017 IEEE International Conference on},
  pages={243--252},
  year={2017},
  organization={IEEE},
  
}

@article{neiger1994distributed,
  title={Distributed consensus revisited},
  author={Neiger, Gil},
  journal={Information processing letters},
  volume={49},
  number={4},
  pages={195--201},
  year={1994},
  publisher={Elsevier},
  
}

@inproceedings{frowis2017code,
  title={In Code We Trust?},
  author={Fr{\"o}wis, Michael and B{\"o}hme, Rainer},
  booktitle={Data Privacy Management, Cryptocurrencies and Blockchain Technology},
  pages={357--372},
  year={2017},
  publisher={Springer},
  
}

@inproceedings{delgado2017fair,
  title={A fair protocol for data trading based on Bitcoin transactions},
  author={Delgado-Segura, Sergi and P{\'e}rez-Sol{\`a}, Cristina and Navarro-Arribas, Guillermo and Herrera-Joancomart{\'\i}, Jordi},
  journal={Future Generation Computer Systems},
  year={2017},
  publisher={Elsevier},
  
}

@inproceedings{narayanan2017bitcoin,
 author = {Narayanan, Arvind and Clark, Jeremy},
 title = {Bitcoin's Academic Pedigree},
 journal = {Queue},
 volume = {15},
 number = {4},
 month = {aug},
 year = {2017},
 issn = {1542-7730},
 pages = {20:20--20:49},
 numpages = {30},
 
 doi = {10.1145/3134434.3136559},
 publisher = {ACM},
 address = {New York, NY, USA},
} 

@inproceedings{buenz2017proofs,
 author = {Benedikt B{\" u}nz and Steven Goldfeder and Joseph Bonneau},
 title = {Proofs-of-delay and randomness beacons in Ethereum},
 journal = {IEEE Security & Privacy on the Blockchain (IEEE S&B)},
 year = {2017},
 
}

@inproceedings{oconnor2017simplicity,
 Author = {Russell O'Connor},
 Title = {Simplicity: A New Language for Blockchains},
 Year = {2017},
 journal = {Proceedings of the 2017 Workshop on Programming Languages and Analysis for Security. ACM, New York, NY, USA},
 Doi = {10.1145/3139337.3139340},
 
}

@inproceedings{juels2016ring,
  title={The ring of Gyges: Investigating the future of criminal smart contracts},
  author={Juels, Ari and Kosba, Ahmed and Shi, Elaine},
  booktitle={Proceedings of the 2016 ACM SIGSAC Conference on Computer and Communications Security},
  pages={283--295},
  year={2016},
  organization={ACM},
  
}

@inproceedings{abraham2017blockchain,
  title={The Blockchain Consensus Layer and BFT},
  author={Abraham, Ittai and Malkhi, Dahlia and others},
  journal={Bulletin of EATCS},
  volume={3},
  number={123},
  year={2017},
  
}

% 2018 
@inproceedings{pirlea2018mechanising,
 author = {P{\^ i}rlea, George and Sergey, Ilya},
 title = {Mechanising Blockchain Consensus},
 journal = {Proceedings of the 7th ACM SIGPLAN International Conference on Certified Programs and Proofs},
 series = {CPP 2018},
 year = {2018},
 pages = {78--90},
 
}

@inproceedings{golomb2018ciota,
Author = {Tomer Golomb and Yisroel Mirsky and Yuval Elovici},
Title = {CIoTA: Collaborative IoT Anomaly Detection via Blockchain},
Year = {2018},
journal = {Workshop on Decentralized IoT Security and Standards (DISS)},

}

@inproceedings{zamyatin2018wild,
  title={{(Short Paper) A Wild Velvet Fork Appears! Inclusive Blockchain Protocol Changes in Practice}},
  author={Zamyatin, Alexei and Stifter, Nicholas and Judmayer, Aljosha and Schindler, Philipp and Weippl, Edgar and Knottebelt, William J.},
  booktitle={5th Workshop on Bitcoin and Blockchain Research, Financial Cryptography and Data Security 18 (FC). Springer},
  year={2018},
  
}
@inproceedings{gencer2018decentralization,
  title={Decentralization in Bitcoin and Ethereum Networks},
  author={Gencer, Adem Efe and Basu, Soumya and Eyal, Ittay and van Renesse, Robbert and Sirer, Emin G{\"u}n},
  booktitle={Proceedings of the 22nd International Conference on Financial Cryptography and Data Security (FC). Springer},
  year={2018},
  
  }

@inproceedings{huang2018estimating,
  title={Short Paper: Estimating Profitability of Alternative Cryptocurrencies},
  author={Huang, Danny Yuxing and Levchenko, Kirill and Snoeren, Alex C},
  booktitle={Proceedings of the 22nd International Conference on Financial Cryptography and Data Security (FC). Springer},
  year={2018},
  
  }

@inproceedings{matzutt2018quantitative,
  title={A Quantitative Analysis of the Impact of Arbitrary Blockchain Content on Bitcoin},
  author={Matzutt, Roman and Hiller, Jens and Henze, Martin and Ziegeldorf, Jan Henrik and M{\"u}llmann, Dirk and Hohlfeld, Oliver and Wehrle, Klaus},
  booktitle={Proceedings of the 22nd International Conference on Financial Cryptography and Data Security (FC). Springer},
  year={2018},
  
}
@inproceedings{zhang2018anonymous,
  title={Anonymous Post-Quantum Cryptocash},
  author={Zhang, Huang and Zhang, Fangguo and Tian, Haibo and Au, Man Ho},
  booktitle={Proceedings of the 22nd International Conference on Financial Cryptography and Data Security (FC). Springer},
  year={2018},
  
}
@inproceedings{park2018spacemint,
  title={SpaceMint: A Cryptocurrency Based on Proofs of Space},
  author={Park, Sunoo and Kwon, Alber and Fuchbauer, Georg and Gazi, Peter and Alwen, J{\"o}el and Pietrzak, Krzysztof},
  booktitle={Proceedings of the 22nd International Conference on Financial Cryptography and Data Security (FC). Springer},
  year={2018},
  
}
@inproceedings{david2018kaleidoscope,
  title={Kaleidoscope: An Efficient Poker Protocol with Payment Distribution and Penalty Enforcement},
  author={David, Bernardo and Dowsley, Rafael and Larangeira, Mario},
  booktitle={Proceedings of the 22nd International Conference on Financial Cryptography and Data Security (FC). Springer},
  year={2018},
  
}
@inproceedings{mavridou2018designing,
  title={Designing Secure Ethereum Smart Contracts: A Finite State Machine Based Approach},
  author={Mavridou, Anastasia and Laszka, Aron},
  booktitle={Proceedings of the 22nd International Conference on Financial Cryptography and Data Security (FC). Springer},
  year={2018},
  
}
@inproceedings{atzei2018formal,
  title={A formal model of Bitcoin transactions},
  author={Atzei, Nicola and Bartoletti, Massimo and Lande, Stefano and Zunino, Roberto},
  booktitle={Proceedings of the 22nd International Conference on Financial Cryptography and Data Security (FC). Springer},
  year={2018},
  
}
@inproceedings{mccorry2018smart,
  title={Smart Contracts for Bribing Miners},
  author={McCorry, Patrick and Hicks, Alexander and Meiklejohn, Sarah},
  booktitle={5th Workshop on Bitcoin and Blockchain Research, Financial Cryptography and Data Security 18 (FC). Springer},
  year={2018},
  
}
@inproceedings{bowe2018multi,
  title={A multi-party protocol for constructing the public parameters of the Pinocchio zk-SNARK},
  author={Bowe, Sean and Gabizon, Ariel and Green, Matthew D},
  booktitle={5th Workshop on Bitcoin and Blockchain Research, Financial Cryptography and Data Security 18 (FC). Springer},
  year={2018},
  
}
@inproceedings{zhang2018paralysis,
  title={Paralysis Proofs: Safe Access-Structure Updates for Cryptocurrencies and More},
  author={Zhang, Fan and Daian, Philip and Bentov, Iddo and Juels, Ari},
  booktitle={5th Workshop on Bitcoin and Blockchain Research, Financial Cryptography and Data Security 18 (FC). Springer},
  year={2018},
  
}
@inproceedings{vasek2018analyzing,
  title={Analyzing the Bitcoin Ponzi Scheme Ecosystem},
  author={Vasek, Marie and Moore, Tyler},
  booktitle={5th Workshop on Bitcoin and Blockchain Research, Financial Cryptography and Data Security 18 (FC). Springer},
  year={2018},
  
}
@inproceedings{chepurnoy2018systematic,
  title={A Systematic Approach To Cryptocurrency Fees},
  author={Chepurnoy, Alexander and Kharin, Vasily and Meshkov, Dmitry},
  booktitle={5th Workshop on Bitcoin and Blockchain Research, Financial Cryptography and Data Security 18 (FC). Springer},
  year={2018},
  
}
@inproceedings{azouvi2018egalitarian,
  title={Egalitarian Society or Benevolent Dictatorship: The State of Cryptocurrency Governance},
  author={Azouvi, Sarah and Maller, Mary and Meiklejohn, Sarah},
  booktitle={5th Workshop on Bitcoin and Blockchain Research, Financial Cryptography and Data Security 18 (FC). Springer},
  year={2018},
  
}
@inproceedings{bonneau2018hostile,
  title={Hostile blockchain takeovers (short paper)},
  author={Bonneau, Joseph},
  booktitle={5th Workshop on Bitcoin and Blockchain Research, Financial Cryptography and Data Security 18 (FC). Springer},
  year={2018},
  
}
@inproceedings{delgado2018analysis,
  title={Analysis of the Bitcoin UTXO set},
  author={Delgado-Segura, Sergi and P{\'e}rez-Sola, Cristina and Navarro-Arribas, Guillermo and Herrera-Joancomart{\i}, Jordi},
  booktitle={5th Workshop on Bitcoin and Blockchain Research, Financial Cryptography and Data Security 18 (FC). Springer},
  year={2018},
  
}
@inproceedings{grundmann2018exploiting,
  title={Exploiting Transaction Accumulation and Double Spends for Topology Inference in Bitcoin},
  author={Grundmann, Matthias and Neudecker, Till and Hartenstein, Hannes},
  booktitle={5th Workshop on Bitcoin and Blockchain Research, Financial Cryptography and Data Security 18 (FC). Springer},
  year={2018},
  
}


@article{yuan2018shadoweth,
  title={ShadowEth: Private Smart Contract on Public Blockchain},
  author={Yuan, Rui and Xia, Yu-Bin and Chen, Hai-Bo and Zang, Bin-Yu and Xie, Jan},
  journal={Journal of Computer Science and Technology},
  volume={33},
  number={3},
  pages={542--556},
  year={2018},
  publisher={Springer}
}
@inproceedings{bresson2001provably,
  title={Provably authenticated group Diffie-Hellman key exchange},
  author={Bresson, Emmanuel and Chevassut, Olivier and Pointcheval, David and Quisquater, Jean-Jacques},
  booktitle={Proceedings of the 8th ACM conference on Computer and Communications Security},
  pages={255--264},
  year={2001},
  organization={ACM}
}

@article{ahmed2018identity,
  title={Identity Aging: Efficient Blockchain Consensus},
  author={Ahmed, Mansoor and Kostiainen, Kari},
  journal={arXiv preprint arXiv:1804.07391},
  year={2018}
}


@inproceedings{decker2016bitcoin,
  title={Bitcoin meets strong consistency},
  author={Decker, Christian and Seidel, Jochen and Wattenhofer, Roger},
  booktitle={Proceedings of the 17th International Conference on Distributed Computing and Networking},
  pages={13},
  year={2016},
  organization={ACM}
}

@article{houy2014will,
  title={It Will Cost You Nothing to'Kill'a Proof-of-Stake Crypto-Currency},
  author={Houy, Nicolas},
  year={2014}
}

@inproceedings{androulaki2018hyperledger,
  title={Hyperledger fabric: a distributed operating system for permissioned blockchains},
  author={Androulaki, Elli and Barger, Artem and Bortnikov, Vita and Cachin, Christian and Christidis, Konstantinos and De Caro, Angelo and Enyeart, David and Ferris, Christopher and Laventman, Gennady and Manevich, Yacov and others},
  booktitle={Proceedings of the Thirteenth EuroSys Conference (EuroSys 2018)},
  pages={30},
  year={2018},
  organization={ACM}
}


@misc{bitcoindns,
 title = "{Satoshi Client Node Discovery}",
 year = {2017},
 howpublished = "\url{https://en.bitcoin.it/wiki/Satoshi_Client_Node_Discovery\#DNS_Addresses}",
}

@misc{bitcoinstrong,
 title = "{Bitcoin Guarantees Strong, not Eventual, Consistency}",
 year = {2016},
 howpublished = "{\url{http://hackingdistributed.com/2016/03/01/bitcoin-\\guarantees-strong-not\\-eventual-consistency/}}",
}

@misc{web3js,
 title = "{web3.js - Ethereum JavaScript API}",
 year = {2021},
 howpublished = "{\url{https://web3js.readthedocs.io/}}",
}



@misc{deloitteReport,
 title = "{Blockchain Performance Report}",
 year = {2018},
 author={Deloitte},
 howpublished = "\url{https://www2.deloitte.com/content/dam/Deloitte/ie/Documents/Technology/IE_C_blockchain_performance_report.pdf}",
}

@misc{blockchaingdpr,
 title = "{Blockchain and GDPR: Between a Block and a Hard Place}",
 year = {2018},
 author={Grant, Amy},
 howpublished = "\url{https://www.tripwire.com/state-of-security/security-data-protection/blockchain-gdpr/}",
}

@article{yurepucoin,
  title={RepuCoin: Your Reputation is Your Power},
  author={Yu, Jiangshan and Kozhaya, David and Decouchant, Jeremie and Esteves-Verissimo, Paulo}
}
Deloitte. Blockchain performance report. https://www2.deloitte.com/content/dam/Deloitte/ie/Documents/Technology/IE_C_blockchain_performance_report.pdf.

@inproceedings{syta2016keeping,
  title={Keeping authorities" honest or bust" with decentralized witness cosigning},
  author={Syta, Ewa and Tamas, Iulia and Visher, Dylan and Wolinsky, David Isaac and Jovanovic, Philipp and Gasser, Linus and Gailly, Nicolas and Khoffi, Ismail and Ford, Bryan},
  booktitle={Security and Privacy (SP), 2016 IEEE Symposium on},
  pages={526--545},
  year={2016},
  organization={Ieee}
}

@article{liu2016scalable,
  title={Scalable Byzantine Consensus via Hardware-assisted Secret Sharing},
  author={Liu, Jian and Li, Wenting and Karame, Ghassan O and Asokan, N},
  journal={arXiv preprint arXiv:1612.04997},
  year={2016}
}


@misc{SBFT,
title={SBFT: a Scalable Decentralized Trust Infrastructure for Blockchains},
author={Gueta, Guy Golan and Abraham, Ittai and Grossman, Shelly and Malkhi, Dahlia and Pinkas, Benny and Reiter, Michael K and Seredinschi, Dragos-Adrian and Tamir, Orr and Tomescu, Alin},
Year = {2019},
howpublished = {IEEE/IFIP International Conference on Dependable System and 
Network (DSN 2019)},
}



@article{cachin2005random,
  title={Random oracles in Constantinople: Practical asynchronous Byzantine agreement using cryptography},
  author={Cachin, Christian and Kursawe, Klaus and Shoup, Victor},
  journal={Journal of Cryptology},
  volume={18},
  number={3},
  pages={219--246},
  year={2005},
  publisher={Springer}
}

@inproceedings{shoup2000practical,
  title={Practical threshold signatures},
  author={Shoup, Victor},
  booktitle={International Conference on the Theory and Applications of Cryptographic Techniques},
  pages={207--220},
  year={2000},
  organization={Springer}
}

@inproceedings{duan2018beat,
  title={BEAT: Asynchronous BFT Made Practical},
  author={Duan, Sisi and Reiter, Michael K and Zhang, Haibin},
  booktitle={Proceedings of the 2018 ACM SIGSAC Conference on Computer and Communications Security},
  pages={2028--2041},
  year={2018},
  organization={ACM}
}
@inproceedings{levin2009trinc,
  title={TrInc: Small Trusted Hardware for Large Distributed Systems.},
  author={Levin, Dave and Douceur, John R and Lorch, Jacob R and Moscibroda, Thomas},
  booktitle={NSDI},
  volume={9},
  pages={1--14},
  year={2009}
}

@inproceedings{kapitza2012cheapbft,
  title={CheapBFT: resource-efficient byzantine fault tolerance},
  author={Kapitza, R{\"u}diger and Behl, Johannes and Cachin, Christian and Distler, Tobias and Kuhnle, Simon and Mohammadi, Seyed Vahid and Schr{\"o}der-Preikschat, Wolfgang and Stengel, Klaus},
  booktitle={Proceedings of the 7th ACM european conference on Computer Systems},
  pages={295--308},
  year={2012},
  organization={ACM}
}


@inproceedings{sousa2015separating,
  title={Separating the WHEAT from the chaff: An empirical design for geo-replicated state machines},
  author={Sousa, Jo{\~a}o and Bessani, Alysson},
  booktitle={Reliable Distributed Systems (SRDS), 2015 IEEE 34th Symposium on},
  pages={146--155},
  year={2015},
  organization={IEEE}
}

@misc{libra:smr,
  title={State machine replication in the Libra Blockchain},
  author={Baudet, Mathieu and Ching, Avery and Chursin, Andrey and Danezis, George and Garillot, Fran{\c{c}}ois and Li, Zekun and Malkhi, Dahlia and Naor, Oded and Perelman, Dmitri and Sonnino, Alberto},
  year={2019},
  publisher={Technical Report. Calibra. https://developers. libra. org/docs/state-machine~…}
}


@misc{ddos:report,
  title={DDoS attacks in Q2 2019},
  author={Kupreev, Oleg and Badovskaya, Ekaterina and Gutnikov, Alexander},
  year={2019},
  publisher={Technical Report. Kapersky. https://securelist.com/ddos-report-q2-2019/91934/}
}


@misc{ddos:297hours,
  title={Major DDoS attack lasts 297 hours, as botnets bombard businesses},
  author={Rayome, Alison},
  year={2018},
  publisher={Techn Republic. https://www.techrepublic.com/article/major-ddos-attack-lasts-297-hours-as-botnets-bombard-businesses/}
}

@techreport{coco:ccf,
title = {CCF: A Framework for Building Confidential Verifiable Replicated Services},
institution = {Microsoft},
year = {2019},
month = {April},

number = {MSR-TR-2019-16}
}

@inproceedings{yin2019hotstuff,
  title={HotStuff: BFT consensus with linearity and responsiveness},
  author={Yin, Maofan and Malkhi, Dahlia and Reiter, Michael K and Gueta, Guy Golan and Abraham, Ittai},
  booktitle={Proceedings of the 2019 ACM Symposium on Principles of Distributed Computing},
  pages={347--356},
  year={2019},
  organization={ACM}
}

@article{hotstuff:arxiv,
  title={Hotstuff: BFT consensus in the lens of blockchain},
  author={Yin, Maofan and Malkhi, Dahlia and Reiter, Michael K and Gueta, Guy Golan and Abraham, Ittai},
  journal={arXiv preprint arXiv:1803.05069},
  year={2018}
}

@inproceedings{zhang2018research,
  title={Research and Application of BFT Algorithms Based on the Hybrid Fault Model},
  author={Zhang, Qichao and Qi, Zhuyun and Liu, Xiaoyou and Sun, Tao and Lei, Kai},
  booktitle={2018 1st IEEE International Conference on Hot Information-Centric Networking (HotICN)},
  pages={114--120},
  year={2018},
  organization={IEEE}
}

@inproceedings{behl2017hybrids,
  title={Hybrids on steroids: SGX-based high performance BFT},
  author={Behl, Johannes and Distler, Tobias and Kapitza, R{\"u}diger},
  booktitle={Proceedings of the Twelfth European Conference on Computer Systems},
  pages={222--237},
  year={2017},
  organization={ACM}
}

@article{liu2018scalable,
  title={Scalable byzantine consensus via hardware-assisted secret sharing},
  author={Liu, Jian and Li, Wenting and Karame, Ghassan O and Asokan, N},
  journal={IEEE Transactions on Computers},
  volume={68},
  number={1},
  pages={139--151},
  year={2018},
  publisher={IEEE}
}

@article{kermarrec2007gossiping,
  title={Gossiping in distributed systems},
  author={Kermarrec, Anne-Marie and Van Steen, Maarten},
  journal={ACM SIGOPS Operating Systems Review},
  volume={41},
  number={5},
  pages={2--7},
  year={2007},
  publisher={ACM}
}


@inproceedings{veronese2009spin,
  title={Spin one's wheels? Byzantine fault tolerance with a spinning primary},
  author={Veronese, Giuliana Santos and Correia, Miguel and Bessani, Alysson Neves and Lung, Lau Cheuk},
  booktitle={2009 28th IEEE International Symposium on Reliable Distributed Systems},
  pages={135--144},
  year={2009},
  organization={IEEE}
}



@inproceedings{badertscher2018ouroboros,
  title={Ouroboros genesis: Composable proof-of-stake blockchains with dynamic availability},
  author={Badertscher, Christian and Ga{\v{z}}i, Peter and Kiayias, Aggelos and Russell, Alexander and Zikas, Vassilis},
  booktitle={Proceedings of the 2018 ACM SIGSAC Conference on Computer and Communications Security},
  pages={913--930},
  year={2018},
  organization={ACM}
}

@inproceedings{teechain,
 author = {Lind, Joshua and Naor, Oded and Eyal, Ittay and Kelbert, Florian and Sirer, Emin Gun and Pietzuch, Peter},
 title = {Teechain: A Secure Payment Network with Asynchronous Blockchain Access},
 booktitle = {Proceedings of the 27th ACM Symposium on Operating Systems Principles},
 series = {SOSP '19},
 year = {2019},
 isbn = {978-1-4503-6873-5},
 location = {Huntsville, Ontario, Canada},
 pages = {63--79},
 numpages = {17},
 
 doi = {10.1145/3341301.3359627},
 acmid = {3359627},
 publisher = {ACM},
 address = {New York, NY, USA},
} 

@inproceedings{jia2013motag,
  title={Motag: Moving target defense against internet denial of service attacks},
  author={Jia, Quan and Sun, Kun and Stavrou, Angelos},
  booktitle={2013 22nd International Conference on Computer Communication and Networks (ICCCN)},
  pages={1--9},
  year={2013},
  organization={IEEE}
}

@inproceedings{venkatesan2016moving,
  title={A moving target defense approach to mitigate DDoS attacks against proxy-based architectures},
  author={Venkatesan, Sridhar and Albanese, Massimiliano and Amin, Kareem and Jajodia, Sushil and Wright, Mason},
  booktitle={2016 IEEE conference on communications and network security (CNS)},
  pages={198--206},
  year={2016},
  organization={IEEE}
}

@article{cho2020toward,
  title={Toward proactive, adaptive defense: A survey on moving target defense},
  author={Cho, Jin-Hee and Sharma, Dilli P and Alavizadeh, Hooman and Yoon, Seunghyun and Ben-Asher, Noam and Moore, Terrence J and Kim, Dong Seong and Lim, Hyuk and Nelson, Frederica F},
  journal={IEEE Communications Surveys \& Tutorials},
  volume={22},
  number={1},
  pages={709--745},
  year={2020},
  publisher={IEEE}
}

@inproceedings{peng2014moving,
  title={A moving-target defense strategy for cloud-based services with heterogeneous and dynamic attack surfaces},
  author={Peng, Wei and Li, Feng and Huang, Chin-Tser and Zou, Xukai},
  booktitle={2014 IEEE International Conference on Communications (ICC)},
  pages={804--809},
  year={2014},
  organization={IEEE}
}

@inproceedings{kampanakis2014sdn,
  title={SDN-based solutions for moving target defense network protection},
  author={Kampanakis, Panos and Perros, Harry and Beyene, Tsegereda},
  booktitle={Proceeding of IEEE International Symposium on a World of Wireless, Mobile and Multimedia Networks 2014},
  pages={1--6},
  year={2014},
  organization={IEEE}
}

@inproceedings{peretz2020moving,
  title={Moving Target Defense for Virtual Network Functions},
  author={Peretz, Reuven and Shenzis, Shlomo and Hay, David},
  booktitle={NOMS 2020-2020 IEEE/IFIP Network Operations and Management Symposium},
  pages={1--9},
  year={2020},
  organization={IEEE}
}

@article{cai2016moving,
  title={Moving target defense: state of the art and characteristics},
  author={Cai, Gui-lin and Wang, Bao-sheng and Hu, Wei and Wang, Tian-zuo},
  journal={Frontiers of Information Technology \& Electronic Engineering},
  volume={17},
  number={11},
  pages={1122--1153},
  year={2016},
  publisher={Springer}
}

@article{howard2016flexible,
  title={Flexible paxos: Quorum intersection revisited},
  author={Howard, Heidi and Malkhi, Dahlia and Spiegelman, Alexander},
  journal={arXiv preprint arXiv:1608.06696},
  year={2016}
}

@misc{cosmos,
  title         = {Cosmos Network: Internet of Blockchains},
  note          = {Accessed: 2020-7-23},
  
}

@article{tenderbake,
  title={Tenderbake--Classical BFT Style Consensus for Public Blockchains},
  author={A{\c{s}}tefanoaei, L{\u{a}}cr{\u{a}}mioara and Chambart, Pierre and Del Pozzo, Antonella and Tate, Edward and Tucci, Sara and Z{\u{a}}linescu, Eugen},
  journal={arXiv preprint arXiv:2001.11965},
  year={2020}
}

@article{tenderand,
  title={Tenderand: Randomized leader election in Tendermint},
  author={Pyo Kim, Seon},
  
  year={2020}
}

@inproceedings{micali1999verifiable,
  title={Verifiable random functions},
  author={Micali, Silvio and Rabin, Michael and Vadhan, Salil},
  booktitle={40th annual symposium on foundations of computer science (cat. No. 99CB37039)},
  pages={120--130},
  year={1999},
  organization={IEEE}
}

@inproceedings{tendermint:opodis,
  title={Correctness of tendermint-core blockchains},
  author={Amoussou-Guenou, Yackolley and Del Pozzo, Antonella and Potop-Butucaru, Maria and Tucci-Piergiovanni, Sara},
  booktitle={22nd International Conference on Principles of Distributed Systems (OPODIS 2018)},
  year={2018},
  organization={Schloss Dagstuhl-Leibniz-Zentrum fuer Informatik}
}

@inproceedings{duncan2012insider,
  title={Insider attacks in cloud computing},
  author={Duncan, Adrian J and Creese, Sadie and Goldsmith, Michael},
  booktitle={2012 IEEE 11th international conference on trust, security and privacy in computing and communications},
  pages={857--862},
  year={2012},
  organization={IEEE}
}

@article{daenet,
  title={DAENet: Making Strong Anonymity Scale in a Fully Decentralized Network},
  author={Shen, Tianxiang and Jiang, Jianyu and Jiang, Yunpeng and Chen, Xusheng and Qi, Ji and Zhao, Shixiong and Zhang, Fengwei and Luo, Xiapu and Cui, Heming},
  journal={IEEE Transactions on Dependable and Secure Computing},
  year={2021},
  publisher={IEEE}
}

@techreport{dingledine2004tor,
  title={Tor: The second-generation onion router},
  author={Dingledine, Roger and Mathewson, Nick and Syverson, Paul},
  year={2004},
  institution={Naval Research Lab Washington DC}
}

@article{henry2018blockchain,
  title={Blockchain access privacy: Challenges and directions},
  author={Henry, Ryan and Herzberg, Amir and Kate, Aniket},
  journal={IEEE Security \& Privacy},
  volume={16},
  number={4},
  pages={38--45},
  year={2018},
  publisher={IEEE}
}

@article{feng2019survey,
  title={A survey on privacy protection in blockchain system},
  author={Feng, Qi and He, Debiao and Zeadally, Sherali and Khan, Muhammad Khurram and Kumar, Neeraj},
  journal={Journal of Network and Computer Applications},
  volume={126},
  pages={45--58},
  year={2019},
  publisher={Elsevier}
}


@article{kermarrec2003probabilistic,
  title={Probabilistic reliable dissemination in large-scale systems},
  author={Kermarrec, A-M and Massouli{\'e}, Laurent and Ganesh, Ayalvadi J.},
  journal={IEEE Transactions on Parallel and Distributed systems},
  volume={14},
  number={3},
  pages={248--258},
  year={2003},
  publisher={IEEE}
}


@article{gupta2006efficient,
  title={Efficient and adaptive epidemic-style protocols for reliable and scalable multicast},
  author={Gupta, Indranil and Kermarrec, A-M and Ganesh, Ayalvadi J},
  journal={IEEE Transactions on Parallel and Distributed Systems},
  volume={17},
  number={7},
  pages={593--605},
  year={2006},
  publisher={IEEE}
}

@inproceedings{mendoncca2019extremely,
  title={An extremely lightweight approach for ddos detection at home gateways},
  author={Mendon{\c{c}}a, Gabriel and Santos, Gustavo HA and e Silva, Edmundo de Souza and Le{\~a}o, Rosa MM and Menasch{\'e}, Daniel S and Towsley, Don},
  booktitle={2019 IEEE International Conference on Big Data (Big Data)},
  pages={5012--5021},
  year={2019},
  organization={IEEE}
}

@article{shah2009foundations,
  title={Foundations and Trends{\textregistered} in Networking},
  author={Shah, Devavrat and others},
  journal={Foundations and Trends{\textregistered} in Networking},
  volume={3},
  number={1},
  pages={1--125},
  year={2009}
}

@article{hou2019squirrl,
  title={SquirRL: Automating Attack Analysis on Blockchain Incentive Mechanisms with Deep Reinforcement Learning},
  author={Hou, Charlie and Zhou, Mingxun and Ji, Yan and Daian, Phil and Tramer, Florian and Fanti, Giulia and Juels, Ari},
  journal={arXiv preprint arXiv:1912.01798},
  year={2019}
}

@article{wong2006efficient,
  title={An efficient distributed algorithm to identify and traceback ddos traffic},
  author={Wong, TY and Law, KT and Lui, John CS and Wong, Man Hon},
  journal={The Computer Journal},
  volume={49},
  number={4},
  pages={418--442},
  year={2006},
  publisher={OUP}
}

@inproceedings{tochner2020route,
  title={Route Hijacking and DoS in Off-Chain Networks},
  author={Tochner, Saar and Zohar, Aviv and Schmid, Stefan},
  booktitle={Proceedings of the 2nd ACM Conference on Advances in Financial Technologies},
  pages={228--240},
  year={2020}
}

@inproceedings{harz2019balance,
  title={Balance: Dynamic adjustment of cryptocurrency deposits},
  author={Harz, Dominik and Gudgeon, Lewis and Gervais, Arthur and Knottenbelt, William J},
  booktitle={Proceedings of the 2019 ACM SIGSAC Conference on Computer and Communications Security},
  pages={1485--1502},
  year={2019}
}

@inproceedings{weber2019platform,
  title={A platform architecture for multi-tenant blockchain-based systems},
  author={Weber, Ingo and Lu, Qinghua and Tran, An Binh and Deshmukh, Amit and Gorski, Marek and Strazds, Markus},
  booktitle={2019 IEEE International Conference on Software Architecture (ICSA)},
  pages={101--110},
  year={2019},
  organization={IEEE}
}

@article{baliga2018performance,
  title={Performance evaluation of the quorum blockchain platform},
  author={Baliga, Arati and Subhod, I and Kamat, Pandurang and Chatterjee, Siddhartha},
  journal={arXiv preprint arXiv:1809.03421},
  year={2018}
}


