@article{da2014internet,
  title={Internet of things in industries: A survey},
  author={Da Xu, Li and He, Wu and Li, Shancang},
  journal={IEEE Transactions on industrial informatics},
  volume={10},
  number={4},
  pages={2233--2243},
  year={2014},
  publisher={IEEE}
}

@article{xu2018survey,
  title={A survey on industrial Internet of Things: A cyber-physical systems perspective},
  author={Xu, Hansong and Yu, Wei and Griffith, David and Golmie, Nada},
  journal={IEEE Access},
  volume={6},
  pages={78238--78259},
  year={2018},
  publisher={IEEE}
}

@article{qiu2020edge,
  title={Edge computing in industrial internet of things: Architecture, advances and challenges},
  author={Qiu, Tie and Chi, Jiancheng and Zhou, Xiaobo and Ning, Zhaolong and Atiquzzaman, Mohammed and Wu, Dapeng Oliver},
  journal={IEEE Communications Surveys \& Tutorials},
  volume={22},
  number={4},
  pages={2462--2488},
  year={2020},
  publisher={IEEE}
}

@article{bag2017challenges,
  title={Challenges and opportunities of 5G in power grids},
  author={Bag, Gargi and Thrybom, Linus and Hovila, Petri},
  journal={CIRED-Open Access Proceedings Journal},
  volume={2017},
  number={1},
  pages={2145--2148},
  year={2017},
  publisher={IET}
}

@inproceedings{lin2017community,
  title={Community detection in power grids based on louvain heuristic algorithm},
  author={Lin, Guoqiang and Liu, Siyan and Zhou, Aihua and Dai, Jiangpeng and Chai, Bo and Zhang, Bo and Qiu, Hongbin and Gao, Kunlun and Song, Yan and Chen, Rui},
  booktitle={2017 IEEE Conference on Energy Internet and Energy System Integration (EI2)},
  pages={1--4},
  year={2017},
  organization={IEEE}
}

@inproceedings{yi2018survey,
  title={A survey on prognostic and health management for special vehicles},
  author={Yi, Xiaojian and Chen, Yuefeng and Hou, Peng and Wang, Qiufang},
  booktitle={2018 Prognostics and System Health Management Conference (PHM-Chongqing)},
  pages={201--208},
  year={2018},
  organization={IEEE}
}

@article{ellefsen2019comprehensive,
  title={A comprehensive survey of prognostics and health management based on deep learning for autonomous ships},
  author={Ellefsen, Andr{\'e} Listou and {\AE}s{\o}y, Vilmar and Ushakov, Sergey and Zhang, Houxiang},
  journal={IEEE Transactions on Reliability},
  volume={68},
  number={2},
  pages={720--740},
  year={2019},
  publisher={IEEE}
}

@article{lin2018cost,
  title={Cost-efficient deployment of fog computing systems at logistics centers in industry 4.0},
  author={Lin, Chun-Cheng and Yang, Jhih-Wun},
  journal={IEEE Transactions on Industrial Informatics},
  volume={14},
  number={10},
  pages={4603--4611},
  year={2018},
  publisher={IEEE}
}

@article{yang2019short,
  title={Short-term traffic prediction for edge computing-enhanced autonomous and connected cars},
  author={Yang, Shun-Ren and Su, Yu-Ju and Chang, Yao-Yuan and Hung, Hui-Nien},
  journal={IEEE Transactions on Vehicular Technology},
  volume={68},
  number={4},
  pages={3140--3153},
  year={2019},
  publisher={IEEE}
}

@article{edc:bandwidth,
  title={Edge Cloud Infrastructure for the future network},
  author={Zhang, Yuan},
  publisher={China Telecom},
  howpublished = "\url{https://www.itu.int/en/ITU-T/Workshops-and-Seminars/201905/Documents/Sophie_Zhang_Presentation.pdf/}"
}
@inproceedings{andres2018openleon,
  title={openLEON: An end-to-end emulator from the edge data center to the mobile users},
  author={Andr{\'e}s Ramiro, Carlos and Fiandrino, Claudio and Blanco Pizarro, Alejandro and Jimenez Mateo, Pablo and Ludant, Norbert and Widmer, Joerg},
  booktitle={Proceedings of the 12th International Workshop on Wireless Network Testbeds, Experimental Evaluation \& Characterization},
  pages={19--27},
  year={2018}
}

@inproceedings{li20185g,
  title={5G URLLC: Design challenges and system concepts},
  author={Li, Zexian and Uusitalo, Mikko A and Shariatmadari, Hamidreza and Singh, Bikramjit},
  booktitle={2018 15th International Symposium on Wireless Communication Systems (ISWCS)},
  pages={1--6},
  year={2018},
  organization={IEEE}
}

@article{milano2018mixt,
  title={MixT: A language for mixing consistency in geodistributed transactions},
  author={Milano, Mae and Myers, Andrew C},
  journal={ACM SIGPLAN Notices},
  volume={53},
  number={4},
  pages={226--241},
  year={2018},
  publisher={ACM New York, NY, USA}
}

@inproceedings{yang2017hierarchical,
  title={A Hierarchical Framework with Consistency Trade-off Strategies for Big Data Management},
  author={Yang, Yingyi and You, Yi and Gu, Bochuan},
  booktitle={2017 IEEE International Conference on Computational Science and Engineering (CSE) and IEEE International Conference on Embedded and Ubiquitous Computing (EUC)},
  volume={1},
  pages={183--190},
  year={2017},
  organization={IEEE}
}

@inproceedings{zamanian2015locality,
  title={Locality-aware partitioning in parallel database systems},
  author={Zamanian, Erfan and Binnig, Carsten and Salama, Abdallah},
  booktitle={Proceedings of the 2015 ACM SIGMOD International Conference on Management of Data},
  pages={17--30},
  year={2015}
}

@inproceedings{schiper2010p,
  title={P-store: Genuine partial replication in wide area networks},
  author={Schiper, Nicolas and Sutra, Pierre and Pedone, Fernando},
  booktitle={2010 29th IEEE Symposium on Reliable Distributed Systems},
  pages={214--224},
  year={2010},
  organization={IEEE}
}

@inproceedings{pavlo2012skew,
  title={Skew-aware automatic database partitioning in shared-nothing, parallel OLTP systems},
  author={Pavlo, Andrew and Curino, Carlo and Zdonik, Stanley},
  booktitle={Proceedings of the 2012 ACM SIGMOD International Conference on Management of Data},
  pages={61--72},
  year={2012}
}

@article{curino2010schism,
  title={Schism: a workload-driven approach to database replication and partitioning},
  author={Curino, Carlo and Jones, Evan Philip Charles and Zhang, Yang and Madden, Samuel R},
  year={2010},
  publisher={Very Large Data Base Endowment Inc.(VLDB Endowment)}
}

@article{abebe2020morphosys,
  title={MorphoSys: automatic physical design metamorphosis for distributed database systems},
  author={Abebe, Michael and Glasbergen, Brad and Daudjee, Khuzaima},
  journal={Proceedings of the VLDB Endowment},
  volume={13},
  number={13},
  pages={3573--3587},
  year={2020},
  publisher={VLDB Endowment}
}

@inproceedings{abebe2020dynamast,
  title={DynaMast: Adaptive dynamic mastering for replicated systems},
  author={Abebe, Michael and Glasbergen, Brad and Daudjee, Khuzaima},
  booktitle={2020 IEEE 36th International Conference on Data Engineering (ICDE)},
  pages={1381--1392},
  year={2020},
  organization={IEEE}
}

@article{kraska2009consistency,
  title={Consistency rationing in the cloud: Pay only when it matters},
  author={Kraska, Tim and Hentschel, Martin and Alonso, Gustavo and Kossmann, Donald},
  journal={Proceedings of the VLDB Endowment},
  volume={2},
  number={1},
  pages={253--264},
  year={2009},
  publisher={VLDB Endowment}
}

@inproceedings{gao2003application,
  title={Application specific data replication for edge services},
  author={Gao, Lei and Dahlin, Mike and Nayate, Amol and Zheng, Jiandan and Iyengar, Arun},
  booktitle={Proceedings of the 12th international conference on World Wide Web},
  pages={449--460},
  year={2003}
}

@inproceedings{li2018fine,
  title={Fine-grained consistency for geo-replicated systems},
  author={Li, Cheng and Pregui{\c{c}}a, Nuno and Rodrigues, Rodrigo},
  booktitle={2018 USENIX Annual Technical Conference (USENIX ATC 18)},
  pages={359--372},
  year={2018}
}

@inproceedings{choi2023hydra,
  title={Hydra:$\{$Serialization-Free$\}$ Network Ordering for Strongly Consistent Distributed Applications},
  author={Choi, Inho and Michael, Ellis and Li, Yunfan and Ports, Dan RK and Li, Jialin},
  booktitle={20th USENIX Symposium on Networked Systems Design and Implementation (NSDI 23)},
  pages={293--320},
  year={2023}
}

@inproceedings{li20211pipe,
  title={1pipe: Scalable total order communication in data center networks},
  author={Li, Bojie and Zuo, Gefei and Bai, Wei and Zhang, Lintao},
  booktitle={Proceedings of the 2021 ACM SIGCOMM 2021 Conference},
  pages={78--92},
  year={2021}
}

@inproceedings{webb2011topology,
  title={Topology switching for data center networks},
  author={Webb, Kevin C and Snoeren, Alex C and Yocum, Kenneth},
  booktitle={Workshop on Hot Topics in Management of Internet, Cloud, and Enterprise Networks and Services (Hot-ICE 11)},
  year={2011}
}

@article{zhang2018building,
  title={Building consistent transactions with inconsistent replication},
  author={Zhang, Irene and Sharma, Naveen Kr and Szekeres, Adriana and Krishnamurthy, Arvind and Ports, Dan RK},
  journal={ACM Transactions on Computer Systems (TOCS)},
  volume={35},
  number={4},
  pages={1--37},
  year={2018},
  publisher={ACM New York, NY, USA}
}

@inproceedings{vanbenschoten2022enabling,
  title={Enabling the next generation of multi-region applications with cockroachdb},
  author={VanBenschoten, Nathan and Ajmani, Arul and Gartner, Marcus and Matei, Andrei and Shah, Aayush and Sharif, Irfan and Shraer, Alexander and Storm, Adam and Taft, Rebecca and Tan, Oliver and others},
  booktitle={Proceedings of the 2022 International Conference on Management of Data},
  pages={2312--2325},
  year={2022}
}

@inproceedings{li2012making,
  title={Making $\{$Geo-Replicated$\}$ systems fast as possible, consistent when necessary},
  author={Li, Cheng and Porto, Daniel and Clement, Allen and Gehrke, Johannes and Pregui{\c{c}}a, Nuno and Rodrigues, Rodrigo},
  booktitle={10th USENIX Symposium on Operating Systems Design and Implementation (OSDI 12)},
  pages={265--278},
  year={2012}
}
@article{wang2021autogr,
  title={AUTOGR: automated geo-replication with fast system performance and preserved application semantics},
  author={Wang, Jiawei and Li, Cheng and Ma, Kai and Huo, Jingze and Yan, Feng and Feng, Xinyu and Xu, Yinlong},
  journal={Proceedings of the VLDB Endowment},
  volume={14},
  number={9},
  pages={1517--1530},
  year={2021},
  publisher={VLDB Endowment}
}

@article{wang2018delving,
  title={Delving into internet DDoS attacks by botnets: characterization and analysis},
  author={Wang, An and Chang, Wentao and Chen, Songqing and Mohaisen, Aziz},
  journal={IEEE/ACM Transactions on Networking},
  volume={26},
  number={6},
  pages={2843--2855},
  year={2018},
  publisher={IEEE}
}

@inproceedings{chang2017understanding,
  title={Understanding adversarial strategies from bot recruitment to scheduling},
  author={Chang, Wentao and Mohaisen, Aziz and Wang, An and Chen, Songqing},
  booktitle={International Conference on Security and Privacy in Communication Systems},
  pages={397--417},
  year={2017},
  organization={Springer}
}

@inproceedings{bandi2021fastmove,
  title={FastMove: Fast IP switching Moving Target Defense to mitigate DDOS Attacks},
  author={Bandi, Nahid and Tajbakhsh, Hesam and Analoui, Morteza},
  booktitle={2021 IEEE Conference on Dependable and Secure Computing (DSC)},
  pages={1--7},
  year={2021},
  organization={IEEE}
}

@article{wang2018data,
  title={A data-driven study of DDoS attacks and their dynamics},
  author={Wang, An and Chang, Wentao and Chen, Songqing and Mohaisen, Aziz},
  journal={IEEE Transactions on Dependable and Secure Computing},
  volume={17},
  number={3},
  pages={648--661},
  year={2018},
  publisher={IEEE}
}

@article{al2020siem,
  title={SIEM-based detection and mitigation of IoT-botnet DDoS attacks.},
  author={Al-Duwairi, Basheer and Al-Kahla, Wafaa and AlRefai, Mhd Ammar and Abdelqader, Yazid and Rawash, Abdullah and Fahmawi, Rana},
  journal={International Journal of Electrical \& Computer Engineering (2088-8708)},
  volume={10},
  number={2},
  year={2020}
}

@article{jia2020flowguard,
  title={Flowguard: An intelligent edge defense mechanism against IoT DDoS attacks},
  author={Jia, Yizhen and Zhong, Fangtian and Alrawais, Arwa and Gong, Bei and Cheng, Xiuzhen},
  journal={IEEE Internet of Things Journal},
  volume={7},
  number={10},
  pages={9552--9562},
  year={2020},
  publisher={IEEE}
}

@article{tuan2020performance,
  title={Performance evaluation of Botnet DDoS attack detection using machine learning},
  author={Tuan, Tong Anh and Long, Hoang Viet and Son, Le Hoang and Kumar, Raghvendra and Priyadarshini, Ishaani and Son, Nguyen Thi Kim},
  journal={Evolutionary Intelligence},
  volume={13},
  number={2},
  pages={283--294},
  year={2020},
  publisher={Springer}
}